4537 5463
2452 238 2511 329 8

933 471 1447 567 Pythagoram
1515 469 1808 567 optima
1868 467 2132 541 indole
2201 470 2649 567 eximiaque
2719 465 3292 567 pulchritudine
3362 489 3530 539 esse
3599 467 3998 562 gavisum,
4057 489 4159 541 ne
4225 466 4310 542 id

634 606 942 711 quidem
995 618 1113 679 est
1156 602 1627 678 monendum
1680 624 1849 675 cum
1901 601 2166 691 nobis,
2222 603 2354 698 qui
2409 604 2761 675 veterum
2801 600 2944 675 hac
3003 599 3098 673 de
3152 624 3234 672 re
3290 601 4310 695 sententias-collegerimus,

628 766 791 818 non
841 739 1154 813 assidua
1205 735 1606 831 diligentia
1657 733 1796 808 sed
1846 734 2158 830 ingenio
2210 735 2526 826 innato,
2591 734 2944 832 exceptis
2999 733 3318 815 levioris
3368 733 3742 805 momenti
3800 731 4308 830 impedimen-

632 881 769 966 tis,
819 869 1116 971 aliquid
1167 890 1396 969 posse
1448 868 1753 966 profici,
1804 888 1925 940 ex
1977 890 2245 942 eorum
2296 880 2561 967 pateat
2629 867 2947 965 judicio.
3048 865 3315 964 Neque
3379 863 4037 965 pulchritudinem
4100 865 4314 963 apud

630 991 972 1087 Graecos
1015 1003 1349 1102 primum
1378 1002 1717 1074 tenuisse
1747 1000 1998 1073 locum
2029 1001 2432 1099 quisquam
2458 1013 2580 1074 est
2608 1002 2740 1098 qui
2764 999 3102 1094 negabit,
3156 1022 3325 1073 cum
3346 1000 3636 1095 justam
3664 997 3906 1070 animi
3931 998 4314 1096 corporis·

630 1167 775 1243 que
831 1137 1337 1223 harmoniam,
1389 1155 1616 1232 quam
1668 1133 2119 1215 καλοκαγαθίαν
2175 1112 2585 1222 dixerunt,
2651 1156 2819 1206 eam
2859 1131 3276 1215 habuerint
3326 1131 3881 1221 conditionem,
3935 1131 4105 1203 sine
4160 1153 4312 1229 qua

626 1300 676 1352 a
724 1293 1023 1349 summo
1078 1269 1289 1342 vitae
1342 1268 1493 1339 fine
1546 1266 1910 1339 abessent
1960 1264 2337 1339 homines.
2393 1358 2399 1366 ,
2442 1261 2652 1354 Quae
2719 1266 3149 1355 sententia,
3236 1282 3463 1363 quam
3529 1276 3785 1337 aetate
3836 1263 4310 1363 posteriores

628 1409 870 1503 magis
933 1402 1327 1497 magisque
1388 1400 1855 1494 rejecerunt,
1936 1400 2208 1495 primis
2274 1398 2386 1471 ita
2455 1401 2701 1473 valuit
2767 1378 3288 1497 temporibus,
3351 1410 3440 1470 ut
3505 1394 3898 1469 hominem
3955 1397 4310 1495 corporis

586 1542 894 1619 ‚habitu
948 1557 1037 1607 ac
1083 1534 1330 1607 forma
1382 1531 1827 1604 inferiorem
1877 1532 2297 1630 pessimum
2335 1547 2636 1630 quoque
2677 1544 2770 1605 et
2817 1531 3376 1629 nequissimum
3412 1528 3810 1603 haberent.
3914 1527 4308 1629 Optimam

632 1671 923 1771 ingenii
979 1667 1456 1753 facultatem,
1524 1663 1904 1757 insignem
1986 1662 2682 1762 pulchritudinem,
2756 1664 3174 1759 ingenuum
3238 1663 3584 1760 corporis
3654 1660 4042 1752 habitum,
4104 1682 4310 1734 sum-

518 1796 521 1803 ’
630 1829 831 1881 mam
885 1802 1255 1901 pietatem
1309 1808 1539 1893 atque
1592 1796 2183 1894 temperantiam
2230 1796 2333 1870 ad
2377 1816 2617 1870 unum
2670 1819 2937 1870 omnes
2990 1797 3073 1868 in
3125 1795 3563 1890 Pythagora
3613 1793 3937 1869 laudant
3985 1796 4310 1894 scripto-

630 1964 751 2016 res
795 1938 938 2033 ¹⁵).
1042 1930 1305 2027 Neque
1338 1928 1541 2027 quod
1583 1927 1684 2001 ad
1728 1931 2073 2026 corporis
2116 1929 2396 2001 attinet
2431 1930 2640 2002 vires
2687 1930 3041 2025 cuiquam
3096 1941 3265 2005 erat
3318 1928 3695 2002 secundus
3747 1939 4035 2001 noster.
4061 1926 4313 2026 philo·

629 2071 955 2173 sophus,
1012 2060 1563 2136 Eratosthenes
1617 2060 1825 2134 enim
1883 2060 2441 2155 Pythagoram,
2493 2062 2645 2151 ait,
2697 2084 2868 2135 cum
2918 2062 3403 2160 pugilatione
3471 2061 3708 2135 vellet
3771 2074 4068 2135 certare
4131 2082 4309 2134 cum
4425 2047 4431 2053 ’

627 2204 926 2308 pueris,
976 2198 1342 2292 rejectum
1398 2215 1444 2265 a
1489 2192 2054 2290 judicibus,.ut
2096 2196 2255 2290 jam
2309 2193 2663 2268 absoluta
2714 2204 2968 2267 aetate
3014 2194 3338 2294 puerili,
3392 2193 3925 2292 derisumque,
3975 2206 4058 2267 ut
4093 2195 4310 2290 igna-

626 2359 813 2414 vum
863 2344 943 2406 et
991 2327 1376 2415 timidum,
1431 2324 1637 2423 quod
1690 2346 1771 2399 se
1807 2348 1978 2399 cum
2013 2326 2276 2424 pueris
2297 2328 2682 2423 jungeret,
2734 2328 3001 2399 statim
3032 2346 3200 2400 cum
3235 2327 3428 2401 viris
3459 2328 3542 2399 in
3571 2340 3963 2407 certamen
3993 2326 4312 2400 descen-

626 2471 834 2544 disse
913 2481 1196 2560 eosque
1273 2480 1539 2533 omnes
1621 2459 1925 2533 vicisse.
2045 2459 2238 2533 Ecce
2305 2459 2770 2533 modestiam
2835 2480 3006 2532 cum
3080 2452 3538 2532 fortitudine
3601 2463 4122 2556 conjunctam!
4185 2459 4312 2555 ¹⁶)

925 2595 1137 2668 Inter
1189 2580 1895 2691 praestantissimos
1948 2607 2235 2687 eosque
2304 2589 2921 2691 sapientissimos
2975 2591 3191 2665 viros
3215 2645 3237 2682 ,
3291 2614 3481 2689 quos
3531 2590 4015 2689 Pythagorae
4064 2593 4310 2666 fuisse
4383 2582 4404 2594 “

624 2731 1037 2839 perhibent
1087 2726 1256 2801 sive
1294 2735 1831 2823 praeceptores
1861 2697 2030 2798 sive
2068 2724 2413 2814 comites,
2456 2721 2760 2815 Thales,
2816 2724 2950 2822 qui
3000 2724 3294 2823 primus
3328 2727 3513 2800 solis
3546 2724 4053 2801 defectionem
4081 2748 4308 2826 prae,-

623 2869 963 2952 dixisse,
1015 2856 1645 2946 Anaximander,
1700 2856 1829 2953 qui
1883 2858 2178 2954 primus
2231 2856 2329 2932 de
2383 2881 2637 2932 rerum
2693 2859 3139 2932 coelestium
3199 2859 3732 2953 magnitudine
3781 2872 4014 2958 atque
4065 2860 4311 2931 inter-

625 3003 833 3077 vallo
911 2991 1391 3102 quaesivisse
1463 2988 1743 3073 fertur,
1825 2985 2321 3087 Creophilus,
2413 2988 2589 3066 Bias
2666 2991 3149 3079 Prienensis,
3225 2991 3707 3087 Pherecydes
3776 2993 4095 3087 Syrius,
4179 2993 4308 3065 cui

622 3128 986 3212 morienti
1034 3137 1424 3222 tamquam
1476 3122 1683 3220 patri
1732 3123 1943 3217 justa
1993 3111 2471 3221 persolvisse
2535 3121 2803 3197 dicunt
2865 3123 3325 3222 discipulum
3377 3125 3744 3200 Samium>
3785 3128 3805 3167 ¹
3833 3127 3944 3223 ⁷),
4011 3146 4306 3200 memo-
4411 3171 4417 3175 -

621 3278 891 3344 rantur
954 3257 1319 3333 maxime.
1425 3254 1579 3328 Sed
1638 3252 1912 3340 horum
1955 3276 2276 3352 ‚quoque
2342 3254 2689 3327 nomina.
2726 3256 2810 3328 in
2885 3255 3206 3330 dubium
3258 3279 3668 3356 possumus
3743 3279 4058 3348 vocare,
4128 3280 4308 3332 cum

622 3392 1097 3498 grammatici
1146 3411 1360 3463 more
1413 3408 1554 3460 suo
1607 3385 2124 3472 celeberrimis
2177 3386 2606 3485 quibusque
2660 3388 2854 3462 viris
2906 3411 3132 3487 quam
3177 3391 3644 3464 clarissimos
3681 3392 4032 3464 tribuant
4059 3392 4305 3486 magi-

622 3548 846 3610 stros.
950 3525 1163 3600 Sicut
1214 3521 1420 3594 enim
1467 3520 1823 3620 improbo
1875 3531 2096 3617 patre
2150 3519 2480 3619 probum
2533 3521 2775 3593 filium
2836 3523 3050 3595 nasci
3099 3523 3214 3595 ita
3271 3522 3370 3596 ab
3425 3523 3750 3598 obscuro
3802 3537 4304 3624 praeceptore

624 3670 910 3742 clarum
978 3654 1436 3754 discipulum
1502 3651 1794 3725 erudiri
1854 3651 2261 3745 negabant.
2384 3650 2593 3741 Quae
2661 3652 2807 3727 hoc
2874 3655 3040 3727 loco
3112 3654 3355 3729 fusius
3424 3679 3822 3755 exponere
3888 3675 3984 3730 eo
4056 3656 4304 3750 magis

621 3813 1027 3899 possumus
1077 3785 1617 3887 supersedere,
1664 3806 1836 3858 cum
1880 3784 2261 3872 Naekius,
2301 3784 2395 3866 ‚in
2455 3783 2795 3860 Choerili
2848 3786 3090 3860 Samii
3129 3787 3576 3882 fragmentis
3628 3790 3787 3887 Ν3),
3837 3789 4039 3863 hunc
4074 3811 4307 3863 usum

668 3976 762 4051 Η)
803 3971 1156 4049 Porphyrius
1210 3968 1279 4025 de
1330 3970 1456 4026 vita
1506 3963 1869 4043 Pythagorae
1922 3963 1978 4039 ξ.
2041 3967 2107 4022 l:
2189 3957 2549 4035 Πυθαγόρας,
2602 3967 2654 4015 ἐκ
2686 3965 2881 4018 παίδων
2913 3966 2984 4026 εἰς
3017 3963 3188 4018 πᾶσαν
3218 3960 3547 4037 μάθησιιῖἧυ
3578 3964 3707 4041 εὖφυ
3711 3965 3784 4036 ἦς.
3856 3970 4015 4029 [dem
4070 3970 4128 4044 fl
4190 3971 4301 4028 18:

804 4060 938 4117 κατὰ
967 4058 1058 4129 τὴν
1090 4061 1227 4114 mm
1259 4052 1411 4130 quim·
1446 4050 1542 4110 ἷνπό
1575 4055 1725 4123 ‘niet
1729 4049 1852 4122 ὕκης
1887 4049 1941 4108 εὖ
1975 4059 2401 4152 κεχορηγημένον,
2436 4086 2507 4098 —
2540 4058 2904 4130 ὲλευθέριονκ
2874 4058 2964 4110 καὶ
2988 4061 3173 4128 μέγαν,
3223 4052 3399 4129 Χάριν
3429 4079 3484 4114 τε
3517 4062 3751 4131 πλείστην
3782 4063 3872 4115 nel
3904 4056 4095 4132 κόσμον
4124 4062 4212 4113 tue
4238 4080 4308 4116 τε

803 4149 892 4218 «ἧς
926 4145 1093 4218 φωνῆς
1125 4142 1276 4195 miv
1309 4135 1603 4210 υῆθσυςκ
1574 4139 1663 4191 καὶ
1698 4139 1843 4191 ‘ult
1812 4137 1913 4190 τῶν
1948 4132 2110 4190 ἄλλων
2136 4133 2387 4192 ἁπάντων·
2465 4141 2749 4201 Veritatis
2807 4161 3062 4202 amorem
3113 4146 3172 4202 in
3215 4143 3549 4226 Pythagora
3600 4165 3950 4226 magnopere
4001 4145 4305 4223 praedicat

807 4237 1241 4317 porphyriugg,
1259 4236 1367 4293 41:
1412 4226 1643 4303 Παρῄνει
1674 4224 1898 4301 μάλιστα
1933 4223 2136 4297 ἇληθείν
2108 4249 2224 4285 utu.
2264 4232 2368 4284 To
2309 4251 2430 4283 ουτο
2461 4228 2564 4305 γάρ
2595 4230 2663 4303 μό
2666 4253 2750 4286 rou
2781 4231 2869 4286 oin
2870 4241 3045 4287 ασθαι
3027 4254 3152 4287 atro
3147 4232 3193 4296 ’νς
3226 4229 3290 4288 dr
3295 4232 3511 4309 θρόπου
3513 4257 3537 4297 ς
3563 4244 3726 4290 ποιεῖν
3753 4238 3868 4307 θεῷ
3899 4238 4306 4309 παραπλησίους.

812 4329 1113 4392 lamblich.
1155 4329 1226 4386 de
1264 4325 1510 4405 Pythng.
1551 4326 1679 4382 vita
1714 4343 1764 4381 c.
1803 4325 1859 4380 2.
1903 4323 1959 4397 ἦ.
1999 4325 2039 4380 9
2077 4334 2138 4380 et
2181 4325 2283 4380 lo:
2339 4315 2462 4376 ὅδὶ
2494 4323 2608 4392 (Πυ
2577 4331 2753 4394 veo-ay
2758 4328 2874 4397 ρας)
2911 4317 2944 4375 ἆ
2949 4329 3210 4398 νετρεφέῑο
3259 4345 3328 4379 ευ
3307 4318 3610 4398 'propper
3627 4348 3706 4379 ατ
3721 4347 3793 4387 ος
3852 4345 3907 4380 τε
3959 4326 4060 4379 τῶν
4091 4322 4303 4382 κόποις

811 4426 1240 4496 menomenas
1212 4419 1300 4471 καὶ
1332 4426 1460 4472 θεο
1430 4419 1761 4487 oneratur
1773 4432 1927 4473 «wc
1960 4406 2285 4482 εὖτνχηθείς·
2351 4412 2440 4475 Cf.
2481 4434 2531 4472 c.
2563 4416 2620 4473 3.
2661 4415 2720 4489 fl.
2757 4418 2852 4489 14,
2893 4416 2994 4475 ubi
3030 4415 3394 4496 Pythagorae
3433 4417 3702 4478 laudatur
3738 4410 3984 4487 εὔκοσμα
4007 4431 4083 4478 ‚et
4115 4439 4168 4478 c.
4196 4420 4307 4493 35,

810 4520 868 4593 ἢ.
907 4516 1043 4574 254.
1123 4513 1416 4588 &esdyicbte
1456 4514 1540 4571 bet
1579 4505 1886 4585 &tgiebunfl
1928 4507 1976 4578 Ι,
2017 4505 2103 4570 ὃ.
2147 4518 2221 4570 88
2247 4515 2431 4569 -92,

663 4622 680 4655 ¹
699 4615 759 4687 θ)
798 4609 885 4669 Cf.
944 4606 1219 4666 Richardi
1272 4604 1523 4678 Bentleji
1571 4601 1801 4659 dissert.
1860 4599 2150 4658 Phalarid.
2204 4620 2334 4680 pag.
2394 4602 2503 4658 178
2556 4593 2674 4678 seq.
2729 4598 2864 4659 Nisi
2914 4600 3066 4659 forte
3107 4601 3468 4683 Pythagoraa
3508 4604 3761 4672 athleta,
3803 4602 4135 4682 philosophi
4176 4605 4310 4664 fere

808 4703 1100 4780 aequalis,
1140 4697 1212 4755 ab
1252 4694 1641 4754 Eratosthene
1679 4693 1963 4750 innuitur.
2042 4691 2134 4750 De
2172 4692 2606 4751 Anaximandro
2644 4693 2720 4751 cf.
2762 4690 2983 4756 mittete
3023 4692 3316 4768 &emittm
3371 4702 3456 4758 bet
3486 4697 3834 4772 Ψβίῑοῖορβίι
3870 4696 3920 4766 1,
3959 4698 4145 4756 275et
4161 4700 4308 4757 3⁴9.

664 4800 761 4874 ¹⁷)
802 4795 1048 4855 Diodori
1086 4801 1342 4866 excerpt.
1385 4807 1437 4865 p.
1480 4787 1616 4858 554,
1672 4797 1734 4844 et
1764 4782 1939 4862 Diog.
1982 4784 2173 4842 Laert.
2217 4784 2267 4856 1,
2314 4786 2439 4842 118.

666 4893 759 4968 ¹⁸)
802 4911 853 4966 p.
893 4888 1169 4951 ἸΙ-24,
1212 4902 1379 4959 quem
1420 4880 1609 4937 secuti
1647 4897 1846 4937 sumus
1886 4880 1984 4934 iu:
2031 4874 2325 4953 &escbicbte
2366 4883 2450 4939 bet
2490 4874 2795 4954 &rgicbung
2843 4887 2901 4939 lt
2942 4877 3050 4940 th.
3094 4877 3179 4941 ἕ.
3229 4889 3352 4948 159.
