4537 5463
260 426 355 479 ea
405 424 556 502 qua
605 400 1048 500 exspectari
1100 410 1353 501 potest
1403 395 1752 473 doctrina
1799 400 2065 475 multis
2117 397 2571 499 probaverit
2622 396 3030 496 exemplis.
3097 395 3355 475 ‘Unde
3386 409 3677 497 quanta
3716 401 3950 496 magi-

202 524 215 537 ⁶
258 538 405 613 stri
453 558 561 610 ex
590 547 963 609 .veterum
1005 530 1302 629 judicio
1354 531 1746 607 valuerint
1796 545 2229 632 quantaque
2285 554 2554 609 eorum
2604 529 2837 604 fuerit
2880 531 3298 605 auctoritas
3351 534 3640 630 optime
3691 545 3952 633 potest

259 668 640 766 cognosci.
765 665 1032 764 Neque
1132 666 1390 739 minus
1484 665 1618 763 qui
1720 667 2109 766 sapientia
2146 678 2155 692 ¹
2202 676 2287 740 et
2385 664 2804 739 nobilitate
2867 686 3106 762 prae·
3191 666 3513 738 caeteris
3597 668 3947 740 eminent

260 803 454 892 viti,
499 799 1164 875 nobilissimorum
1213 811 1801 898 praeceptorum
1850 799 2088 873 fuisse
2139 797 2652 898 perhibentur
2701 819 2750 870 a
2798 798 3376 897 posterioribus
3418 799 3815 899 discipuli,
3864 811 3949 873 ut

260 935 517 1019 Numa
566 932 1071 1029 Pythagorae.
1172 930 1370 1007 Nam
1424 954 1597 1006 cum
1649 930 1873 1030 hujus
1923 933 2417 1034 disciplinam
2448 943 2528 1027 et
2560 931 2923 1007 instituta
2955 945 3544 1026 cognoscerent,
3595 934 3948 1032 regisque

257 1071 426 1166 ejus
486 1068 955 1165 aequitatem
992 1077 1085 1139 et
1133 1065 1599 1165 sapientiam
1661 1088 1710 1140 a
1757 1066 2177 1164 majoribus
2231 1066 2394 1141 suis
2445 1064 2961 1164 accepissent,
3010 1076 3305 1138 aetates
3338 1079 3595 1139 autem
3624 1079 3702 1140 et
3757 1078 3946 1139 tem·

258 1223 454 1302 pora
523 1199 971 1295 ignorarent
1038 1208 1395 1299 propter
1424 1209 1930 1275 vetustatem·
2005 1222 2222 1290 eum,
2290 1200 2425 1298 qui
2487 1197 2876 1355 sapientia
2943 1199 3401 1290 excelleret,
3464 1198 3945 1296 Pythagorae

256 1334 694 1413 auditorem
741 1331 980 1406 fuisse
1048 1332 1542 1409 crediderunt
1601 1332 1625 1374 ¹
1648 1332 1743 1431 ⁹).

566 1481 673 1557 At
734 1503 894 1554 non
957 1483 1209 1556 solum
1268 1504 1318 1555 a
1382 1481 1902 1556 celeberrimis
1965 1482 2267 1582 patriae
2344 1481 2540 1557 viris
2626 1478 2984 1589 eruditus
3050 1491 3177 1553 est·
3231 1500 3280 1553 a
3339 1504 3581 1579 puero
3640 1481 3943 1556 Samius

238 1628 563 1706 noster,
608 1614 947 1714 optimae
978 1615 1146 1713 spei
1169 1615 1521 1711 juvenis,
1575 1638 1846 1691 verum
1883 1616 2119 1695 etiam
2162 1613 2477 1707 aliunde
2511 1612 2911 1713 expetivit
2952 1624 3182 1710 atque
3207 1615 3615 1688 arcessivit
3640 1614 3944 1713 sapien-

259 1752 451 1825 tiam
502 1770 675 1824 cum
726 1758 1043 1821 exteras
1094 1749 1460 1821 lustraret
1516 1759 1807 1840 terras,
1868 1751 1938 1823 si
1991 1750 2177 1848 quid
2229 1759 2437 1822 esset
2487 1746 2692 1846 quod
2747 1745 3041 1819 discere
3107 1758 3393 1844 posset.
3495 1742 3700 1835 Quot
3749 1747 3945 1820 adiit

258 1882 519 1971 viros,
568 1893 758 1979 quot
801 1880 1153 1976 regiones
1205 1881 1537 1981 pedibus
1590 1881 1827 1974 obiit,
1885 1897 2074 1982 quot
2121 1881 2370 1957 maria
2420 1880 2892 1971 transmisit,
2961 1879 3059 1954 de
3121 1876 3244 1952 his
3293 1893 3378 1954 ut
3430 1878 3675 1953 fusius
3739 1880 3942 1954 ‹lica-

257 2035 431 2089 mus
482 2011 607 2089 hic
654 2034 814 2087 non
866 2026 984 2087 est
1034 2015 1281 2104 locus,
1340 2037 1513 2090 cum
1572 2015 1670 2089 ab
1721 2017 1899 2092 aliis
1945 2019 2138 2091 satis
2174 2016 2336 2090 sint
2385 2014 2750 2113 exposita
2793 2014 2938 2112 ²⁰).
3039 2010 3306 2110 Neque
3360 2013 3547 2111 quid
3590 2014 3694 2086 sit
3736 2013 3940 2111 quod

260 2146 506 2220 variis
558 2144 766 2221 hisce
816 2146 1042 2219 terris
1086 2158 1479 2244 acceptum
1530 2149 1812 2223 referat
1854 2173 2061 2224 nunc
2111 2160 2373 2248 potest
2421 2145 2807 2247 expediri.
2929 2143 3033 2221 Ut
3080 2145 3274 2219 mihi
3336 2146 3646 2244 quidem
3720 2146 3941 2220 vide-

261 2292 429 2369 tur,
467 2279 599 2377 qui
662 2279 919 2351 minus
980 2278 1085 2354 ad
1150 2280 1360 2354 vitae
1415 2284 1823 2382 respiciam
1885 2255 2457 2384 experientiam
2522 2302 2750 2379 quam
2815 2279 2916 2354 ad
2982 2281 3380 2354 literarum
3443 2281 3940 2369 incrementa,

258 2412 466 2486 haud
504 2413 634 2484 ita
665 2412 911 2486 multa
961 2433 1067 2485 ex
1118 2388 1697 2511 peregrinarum
1736 2409 2118 2489 terrarum
2171 2415 2625 2489 commercio
2675 2413 2760 2486 in
2812 2435 3036 2487 suum
3068 2412 3454 2487 convertit
3485 2434 3734 2502 usum,
3786 2412 3940 2485 nisi

254 2544 458 2619 forte
509 2564 617 2617 ex
681 2566 839 2618 una
887 2543 1247 2643 Aegypto
1302 2556 1693 2644 tamquam
1742 2548 2169 2621 clarissima
2194 2547 2694 2622 scientiarum
2726 2544 2947 2636 sede,
2997 2566 3257 2619 rerum
3289 2566 3674 2619 sacrarum
3709 2558 3940 2644 atque

254 2674 885 2767 mathematicae,
955 2678 1078 2751 cui
1141 2698 1607 2777 magnopere
1674 2691 1898 2753 erant
1958 2680 2204 2756 dediti
2259 2679 2485 2777 hujus
2536 2690 2788 2780 terrae
2839 2679 3177 2768 incolae,
3242 2678 3396 2753 sibi
3454 2678 3940 2779 comparavit

257 2812 623 2910 notitiam
667 2821 747 2884 et
796 2810 894 2883 ab
940 2808 1506 2908 Aegyptiorum
1559 2812 2087 2910 sacerdotibus
2139 2836 2504 2888 numeros
2555 2812 2852 2910 accepit
2899 2823 2980 2883 et
3029 2812 3433 2902 coelestia,
3485 2811 3765 2908 quibus
3798 2834 3941 2885 sua

257 2947 542 3019 nititur
589 2941 1085 3042 philosophia
1143 2944 1170 2983 ²
1194 2944 1290 3042 ἔ),
1343 2944 1552 3043 quod
1583 2944 1895 3041 quidem
1925 2968 2083 3019 non
2136 2950 2252 3020 ita
2303 2946 2727 3040 verisimile
2757 2965 2929 3018 cum
2948 2941 3374 3042 Aegyptus,
3426 2944 3715 3044 quippe
3745 2967 3939 3043 quae

253 3077 688 3174 antiquitus
741 3076 1037 3150 seclusa
1091 3089 1297 3152 esset
1346 3090 1426 3151 et
1479 3100 1721 3175 usque
1762 3077 1864 3151 ad
1893 3077 2538 3153 Psammetichum
2567 3099 2823 3174 regem
2866 3074 3452 3177 peregrinorum
3483 3078 3939 3150 commercio
4055 3105 4064 3122 ·

252 3231 437 3283 raro
485 3220 789 3282 tantum
840 3220 1176 3308 pateret,
1227 3209 1414 3283 inde
1465 3210 1567 3284 ab
1615 3209 2001 3292 Herodoti
2052 3208 2360 3284 demum
2407 3223 2697 3302 aetate,
2750 3210 2885 3306 qui
2918 3207 3426 3282 harbarorum
3456 3207 3940 3282 sacerdotum

252 3363 429 3416 cum
460 3340 1113 3436 Pythagoreorum
1160 3343 1578 3438 conjunxit
1605 3343 2000 3437 mysteriis
2028 3342 2175 3441 ²²),
2222 3345 2747 3419 innotesceret
2781 3341 3409 3439 dignissimaque,
3461 3362 3657 3436 quae
3689 3340 3939 3415 adire-

251 3488 423 3560 tur,
520 3484 973 3572 appareret,
1067 3496 1265 3569 quae
1339 3475 1584 3569 gloria
1659 3497 1903 3572 usque
1972 3474 2074 3548 ad
2151 3475 2631 3550 Ptolemaeos
2700 3475 3090 3565 manavit,
3177 3495 3505 3570 quorum
3587 3484 3938 3573 tempore

251 3606 697 3704 Aegyptum
762 3606 1104 3679 omnium
1172 3609 1572 3683 literarum
1635 3606 2039 3703 omnisque
2111 3609 2482 3683 scientiae
2546 3630 2715 3682 esse
2779 3620 3105 3681 matrem
3171 3607 3398 3702 longe
3454 3605 3758 3704 lateque
3822 3619 3941 3679 est

252 3752 683 3839 propagata
733 3740 1005 3838 opinio
1066 3739 1211 3838 ²⁸).
1656 3709 1664 3716 ⁸
2329 3713 2338 3721 ’
2740 3833 2744 3837 ,

440 3969 475 3986 Ι
561 3883 1039 3986 Quamquam
1106 3911 1263 3962 non
1332 3911 1438 3963 ex
1490 3887 1821 3961 aliorum
1865 3889 2329 3986 populorum
2381 3884 2520 3958 sed
2585 3908 2693 3959 ex
2760 3855 3095 3982 ingenua
3174 3888 3419 3960 animi
3487 3886 3610 3960 sui
3675 3886 3938 3960 indole

248 4018 769 4115 Pythagoram
835 4020 1378 4121 philosophiae
1444 4042 1630 4094 suae
1698 4021 2073 4118 petivisse
2136 4018 2524 4117 principia
2579 4018 3084 4108 crediderim,
3182 4032 3442 4094 tamen
3514 4019 3616 4094 ad
3683 4019 3936 4092 orien-

303 4249 399 4321 ’·)
439 4246 619 4307 Cicer.
662 4247 904 4309 Tuscul.
950 4249 1049 4324 lv,
1100 4254 1149 4310 1.

296 4339 397 4416 ⁸0)
439 4339 529 4399 De
570 4342 934 4424 Pythagorae
976 4345 1289 4403 itineribus
1327 4343 1405 4402 ct.
1446 4341 1634 4406 mittet
1674 4339 1970 4417 &esebidne
2023 4345 2111 4405 bet
2145 4344 2426 4421 pythagot.
2468 4342 2816 4418 ‘philosophie
2855 4338 2942 4405 Θ.
2983 4350 3078 4414 29,
3123 4352 3185 4400 et
3223 4341 3505 4401 Krische:
3551 4335 3641 4399 De
3683 4344 3937 4400 societa-

446 4438 524 4492 tis
563 4453 599 4492 a
637 4435 973 4517 Pythagora
1007 4442 1069 4497 in
1108 4438 1252 4496 urbe
1289 4436 1760 4497 crotoniatarum
1801 4435 2070 4494 conditae
2124 4455 2302 4512 scopo
2355 4438 2594 4513 politico
2632 4438 3045 4494 commentatio
3097 4435 3198 4512 (de
3237 4437 3529 4495 sententia
3568 4435 3935 4513 philosopho-

444 4543 574 4586 rmn
613 4529 841 4588 ordinis
881 4530 1292 4612 Gottingensis
1331 4531 1589 4607 praemio
1626 4533 1790 4613 regio
1829 4530 2078 4602 ornata).
2161 4527 2483 4609 Gottingae
2527 4528 2695 4602 183⁰,
2754 4546 2884 4606 pag.
2928 4527 2963 4586 6
3004 4546 3121 4603 seq.

297 4620 393 4692 ³¹)
435 4620 605 4687 Quod
643 4620 1001 4682 lamblichus
1040 4643 1089 4681 c.
1129 4629 1170 4682 4
1208 4635 1270 4682 et
1305 4624 1383 4681 29
1427 4634 1489 4680 et
1526 4624 1890 4709 Porphyrius
1930 4623 1988 4696 §-
2029 4625 2067 4679 6
2113 4631 2374 4680 censent.

295 4710 393 4787 ²²)
432 4711 647 4772 Herod.
691 4714 767 4788 11,
807 4719 900 4774 81.

296 4802 398 4878 ²·)
437 4803 519 4868 ³:2-
558 4803 780 4871 mmet
820 4806 1150 4883 &troistest
1193 4806 1498 4883 ῡιῐῐοηὶἴῴοε
1544 4818 1822 4898 ρώπως
1865 4809 1979 4870 unb
2018 4801 2249 4882 Θεᾶῠτε,
2297 4813 2360 4870 1t
2400 4803 2511 4882 53:¹2.
2553 4801 2642 4869 &a
2681 4812 2813 4882 ⁷1⁰⁰·

2967 4908 3019 4980 2
