4537 5463
2429 268 2546 361 12

652 517 900 576 tarum
920 557 943 593 ‚
1007 526 1179 577 cum
1234 486 1575 600 'corpora
1637 522 1941 598 semper
2008 476 2471 577 exercerent
2529 502 2897 599 viresque
2951 511 3366 598 augerent,
3437 498 3553 575 ita
3617 499 4116 575 corroborata
4164 512 4338 575 erat

652 650 922 711 natura
951 639 1213 734 itaque
1248 637 1533 713 divino
1565 633 2167 732 pulchritudinis
2217 636 2462 732 quasi
2491 636 2746 710 afflatu
2799 634 3122 726 imbuta,
3169 645 3261 707 ut
3307 634 3552 707 multo
3602 647 3786 731 post
3812 631 4333 730 Pythagoram

651 769 1147 844 Heracleotes
1176 769 1492 859 Zeuxis,
1546 769 1895 865 quitum
1928 768 2154 862 longe
2187 767 2466 841 ceteris
2515 766 2897 843 excellere
2922 755 3354 866 pictoribus
3387 766 4013 857 existimabatur,
4064 785 4332 863 quem-

650 928 800 1002 que
851 924 1130 999 magno
1182 903 1436 999 pretio
1488 900 1951 975 conductum
2013 899 2568 991 adhibuerant,
2645 924 2816 975 cum
2882 900 3213 976 Junonis
3276 901 3688 998 templum,
3746 897 3958 998 quod
4020 900 4332 995 religio·

651 1038 955 1111 sissime
1009 1036 1387 1125 colebant,
1439 1034 1762 1129 egregiis
1813 1033 2137 1130 picturis
2189 1034 2657 1132 locupletare
2709 1034 3026 1126 vellent,
3080 1056 3490 1132 puerorum
3543 1035 4128 1133 puellarumque
4177 1032 4332 1107 for·

648 1192 816 1245 mas
867 1181 947 1242 et
988 1191 1316 1265 corpora
1364 1189 1643 1262 magno
1696 1189 1929 1264 opere
1979 1167 2390 1241 miraretur
2424 1165 2454 1207 ³
2478 1166 2572 1265 ¹).
2673 1164 2879 1256 Quid
2934 1189 3209 1242 causae
3260 1165 3496 1242 fuerit
3545 1186 3681 1243 cur
3729 1166 3927 1240 hanc
3954 1166 4334 1240 eximiam

653 1301 1282 1378 crotoniatarum
1304 1336 1307 1343 ⁴
1333 1299 1987 1398 pulchritudinem
2035 1300 2517 1374 laudaverim
2568 1299 2859 1396 quidve
2883 1300 3221 1374 intersit
3268 1311 3358 1374 ut
3421 1302 3509 1373 in
3576 1298 3787 1374 hisce
3852 1320 4048 1396 quae
4110 1321 4335 1397 pror-

543 1442 557 1452 ”
652 1456 785 1508 sus
835 1436 1093 1507 aliena
1142 1433 1397 1507 videri
1449 1444 1819 1529 possunt,
1870 1444 2215 1508 moratus
2267 1433 2456 1523 sim,
2507 1454 2668 1507 non
2693 1432 3267 1529 interrogabit,
3319 1434 3389 1508 si
3430 1435 3706 1531 quanti
3740 1431 4336 1507 aestimaverint

654 1568 929 1642 Graeci
975 1565 1374 1664 pulchrum
1418 1565 1764 1664 corperis
1814 1564 2204 1656 habitum,
2255 1565 2467 1661 quod
2517 1566 3008 1671 verissimum
3059 1567 3399 1665 optimae
3450 1566 3620 1665 spei
3671 1562 4110 1639 habuerunt
4155 1587 4333 1665 spe-

654 1702 943 1791 cimen,
994 1700 1258 1796 paucis
1310 1700 1750 1773 meminerit
1797 1700 2037 1772 lector
2087 1697 2514 1771 benevolus
2575 1697 2604 1738 ³
2625 1698 2720 1797 ²).

953 1832 1221 1928 Neque
1275 1855 1462 1906 vero
1510 1832 1596 1904 in
1646 1829 1792 1906 hoc
1855 1831 2110 1907 fertile
2175 1832 2427 1909 solum
2492 1833 2756 1904 statim
2820 1832 3222 1905 literarum
3283 1851 3648 1928 spargere
3707 1830 3968 1928 potuit
4031 1827 4334 1901 semina

653 1965 1151 2061 Pythagoras.
1254 1964 1569 2036 Etenim
1618 1987 1772 2061 qno
1825 1974 2171 2062 tempore
2209 1963 2311 2056 ad
2363 1962 2629 2036 italiae
2693 1985 2936 2037 naves
2989 1964 3293 2061 appulit
3339 1984 3515 2038 oras
3569 1962 3672 2036 ad
3719 1943 4336 2036 internecionem

656 2122 895 2198 usque
947 2110 1486 2196 pugnaverant
1540 2096 1642 2171 ad
1686 2096 2009 2171 fluvium
2055 2096 2372 2192 Sagram
2434 2096 2464 2137 ⁸
2484 2096 2556 2195 ³)
2608 2118 2779 2170 cum
2847 2096 3360 2171 Locrensibus
3413 2093 3951 2185 Crotoniatae,
4017 2105 4100 2166 et
4134 2094 4334 2192 *qui-

652 2230 831 2305 'dem
875 2230 1421 2305 infelicissime.
1478 2247 1489 2256 ‘
1522 2230 1708 2303 Post
1759 2229 2050 2303 cladem
2091 2229 2290 2303 hanc
2335 2230 2847 2303 miserrimam
2889 2229 3223 2303 fortunis
3276 2230 3437 2302 suis
3474 2225 4025 2326 desperabant,
4079 2247 4332 2298 armo·

650 2387 977 2461 rumque
1027 2386 1209 2437 cura
1256 2351 1417 2437 fere
1474 2362 1802 2453 omissa,
1854 2361 2182 2436 oderant
2230 2364 2442 2435 enim
2468 2384 2668 2460 quae
2692 2362 3617 2451 infelicitersumserant,
3643 2338 3828 2456 ⁵jam
3866 2360 3948 2431 in
3987 2380 4083 2431 eo
4107 2371 4335 2431 erant

554 2500 577 2512 '
654 2510 742 2572 ut
791 2499 1160 2574 virtutem
1210 2496 1525 2569 luxuria
1575 2505 1985 2567 mutarent.
2085 2495 2195 2570 At
2248 2496 2470 2569 venit
2522 2494 3033 2592 Pythagoras,
3086 2497 3220 2593 qui
3271 2494 3681 2592 singulari,
3733 2515 3889 2590 qua
3932 2489 4334 2564 hominum

656 2631 809 2706 sibi
859 2628 1258 2705 devincire
1322 2629 1581 2725 potuit
1647 2627 1990 2716 animos,
2062 2639 2380 2748 natura,
2441 2628 2962 2752 ingenueque,
3030 2650 3223 2726 qua
3249 2630 3642 2703 omnium·
3633 2625 3812 2700 sibi
3879 2622 4332 2698 conciliavit

654 2765 1047 2855 fiduciam,
1098 2763 1427 2851 virtute,
1479 2781 1669 2834 mox
1721 2760 2048 2851 civium,
2100 2777 2295 2859 ques
2344 2783 2763 2858 permagna
2813 2762 2967 2837 viri
3012 2763 3330 2837 incessit
3378 2760 3834 2849 admiratio,
3885 2758 3997 2831 ita
4022 2755 4334 2830 sedavit

653 2899 1064 2971 tumultum
1113 2896 1376 2991 itaque
1430 2894 1528 2968 de
1580 2895 1897 2970 civitate
1946 2894 2144 2967 bene
2196 2894 2515 2984 meruit,
2563 2905 2652 2966 ut
2699 2896 3070 2991 populum
3122 2897 3207 2968 in
3262 2896 3655 2970 luxuriam
3718 2894 4021 2990 lapsum
4070 2901 4333 2962 aucto-

654 3032 889 3105 ritate
936 3051 1076 3102 sua
1126 3021 1234 3101 ad
1277 3025 1794 3123 frugalitatem
1846 3037 2247 3101 revocaret
2274 3026 2745 3122 virtutisque
2791 3029 2880 3100 in
2915 3028 3468 3124 rempublicam
3513 3025 3916 3100 reduceret
3948 3023 4333 3097 exercita-

655 3164 948 3237 tionem
1006 3161 1152 3259 ³⁴).
1255 3159 1500 3251 Quam
1550 3172 1641 3233 ut
1687 3161 1775 3232 in
1827 3167 2223 3292 posterum
2275 3181 2584 3256 quoque
2636 3172 2985 3234 servaret
3037 3183 3193 3233 non
3241 3171 3491 3310 totum
3516 3183 3601 3233 se
3641 3157 3949 3233 dedidit
3996 3154 4332 3253 publicis

653 3345 1151 3523 disciplinam
1186 3425 1533 3521 augendo
1587 3437 1666 3499 et
1717 3422 2256 3524 philosophiae
2307 3423 2650 3497 studium
2712 3425 2832 3524 ⁸⁸)
2883 3425 3382 3524 propagando
3434 3447 3520 3529 se
3583 3425 4010 3497 maximum
4059 3419 4336 3493 afferre

651 3559 1124 3657 reipublicae
1173 3580 1450 3630 munus
1505 3558 1703 3632 bene
1750 3569 1963 3631 ratus
1982 3610 2005 3646 ‚
2054 3578 2333 3653 magna
2376 3579 2679 3646 eorum,
2730 3558 2868 3654 qui
2916 3557 3265 3648 discendi
3315 3570 3541 3631 erant
3591 3552 4108 3653 cupidissimi,
4159 3572 4335 3626 sese

644 3689 1160 3771 circumdedit
1205 3712 1511 3765 corona.
2709 3768 2719 3772 ,

954 3824 1046 3896 In
1098 3823 1434 3898 scholam
1486 3824 1656 3898 siv‘e
1698 3822 2098 3919 juniorum
2139 3825 2668 3918 majorumque
2718 3819 3117 3895 hominum
3170 3821 3651 3909 societatem,
3701 3841 3933 3918 quam
3993 3816 4332 3894 Crotone

652 3957 997 4031 instituit
1047 3977 1390 4030 summus
1440 3967 1930 4053 praeceptor,
1982 3955 2044 4027 ii
2090 3966 2393 4028 tantum
2448 3952 3020 4049 recipiebantur
3070 3955 3206 4053 qui
3256 3975 3502 4050 aeque
3551 3954 3843 4052 pietate
3897 3972 3989 4024 ac
4041 3953 4334 4028 virtute

653 4088 1135 4178 eminebant,
1201 4090 1515 4185 ejusque
1567 4110 1868 4162 cursum
1918 4089 1981 4160 ii
2040 4089 2185 4162 soli
2244 4088 2549 4160 emetiri
2603 4101 3060 4186 potuerunt,
3134 4108 3329 4183 quos
3394 4108 3554 4160 non
3608 4085 3858 4158 solum
3917 4083 4085 4156 vita
4137 4081 4339 4156 bene

540 4208 549 4214 ’
649 4233 952 4296 morata
1000 4243 1272 4296 verum
1332 4222 1570 4293 etiam
1636 4221 1932 4320 optima
1982 4219 2246 4294 indole
2297 4231 2533 4317 atque
2583 4221 2856 4364 nativa
2920 4220 3254 4316 quadam
3317 4221 3781 4306 liberalitate
3834 4216 4336 4312 dignissimos

1544 4373 1566 4402 1
3829 4393 3836 4400 .

692 4453 795 4538 ¹)
835 4450 895 4514 Σ)
936 4447 1155 4512 ffliusstt
1192 4447 1396 4513 Ξοῐίει·
1437 4450 1658 4526 1‚366‚
1699 4462 1761 4510 et
1801 4393 1875 4525 ΙΙ,
1920 4451 2030 4509 179
2069 4460 2131 4509 et
2171 4452 2300 4510 18⁰.
2418 4448 2623 4574 Cicero
2663 4452 2734 4512 de
2773 4455 3115 4513 inventione
3151 4450 3228 4524 ll,
3272 4455 3323 4511 l.
3442 4449 3656 4510 Strabo
3697 4419 3798 4520 Vl,
3836 4449 3968 4507 262
4039 4517 4049 4540 x
4086 4445 4341 4520 Krische

693 4639 784 4711 ⁸²)
826 4543 1120 4710 (gaggam
1149 4527 1261 4698 bt?
1274 4634 1580 4714 OErgiebung
1622 4635 1669 4708 1,
1723 4642 1850 4699 161.

692 4731 783 4804 ⁸⁸)
826 4727 916 4786 De
956 4727 1127 4804 hujus
1169 4749 1395 4808 pugnae
1436 4740 1694 4806 tempore
1732 4729 1884 4791 bene
1923 4728 2203 4788 disseruit
2240 4727 2489 4789 Krische
2528 4750 2582 4808 p.
2626 4731 2699 4790 19
2737 4743 2799 4789 et
2834 4733 2929 4789 20.

691 4820 789 4901 ⁸³)
828 4820 1044 4879 lustin.
1087 4821 1235 4893 XX,
1274 4826 1332 4881 4.

691 4911 787 4989 ³⁵)
829 4913 1060 4972 Primus
1100 4935 1162 4972 se
1198 4914 1604 4992 philosophum
1642 4917 1976 4974 nominasse
2034 4915 2249 4973 dicitur
2288 4916 2362 4973 cf.
2407 4911 2526 4977 Cic,
2571 4913 2807 4996 Tuscul.
2852 4916 2914 4975 L.
2962 4921 3011 4975 l.
3075 4927 3135 4974 et
3179 4916 3369 4975 Valer.
3413 4915 3651 4976 Maxim.
3698 4911 3853 4984 vul,
3896 4915 3952 4983 7,
3995 4922 4243 4971 externa
4279 4912 4342 4972 2.
