4537 5463
2089 162 2183 274 ὅ.

280 407 543 481 afflatu
623 410 842 507 quasi
914 409 1349 508 inspirant,
1444 412 1679 487 Jones
1742 413 1823 486 in
1895 434 2052 489 una
2115 415 2536 515 eademque
2602 415 3136 514 conquiescere
3206 416 3459 490 solent
3525 414 3959 514 disciplina,

282 538 747 637 Pythagorei
813 563 922 616 ex
986 555 1307 617 naturae
1368 544 1667 642 legibus
1717 546 1816 620 ad
1881 570 2182 622 morum
2239 571 2545 648 quoque
2609 547 3042 624 ascendunt
3102 571 3413 624 normas
3482 549 3808 646 illasque
3873 549 3955 619 in

284 674 529 748 vitam
585 696 1069 749 communem
1112 688 1192 750 et
1240 678 1717 792 transferunt
1765 693 1846 753 et
1891 682 2495 765 accommodant.
2557 746 2560 751 .

581 831 1100 927 Pythagoram
1183 845 1371 906 natu
1458 846 1758 931 tantum
1817 837 2145 913 Jonibus
2227 862 2397 913 esse
2468 837 3130 913 annumerandum
3210 850 3290 911 et
3368 835 3654 935 ubique
3725 834 3959 909 Dori-

280 984 448 1038 cam
496 986 685 1063 prae
729 987 813 1039 se
866 966 1066 1040 ferre
1120 966 1502 1057 indolem,
1568 992 1726 1045 non
1790 972 2039 1046 solum
2092 993 2200 1045 ex
2250 975 2416 1070 ejus
2466 969 2962 1071 philosophia
3013 993 3283 1044 verum
3331 970 3568 1044 etiam
3632 991 3739 1043 ex
3790 968 3960 1043 vita

279 1096 616 1195 patebit,
690 1120 923 1196 quam
981 1120 1186 1174 nunc
1250 1103 1516 1199 paucis
1586 1102 2239 1179 adumbrabimus.
2350 1104 2615 1203 Neque
2685 1104 2895 1177 enim
2955 1104 3260 1199 singula
3318 1124 3662 1201 quaeque
3713 1122 3958 1202 expo-
4032 1130 4041 1143 “
4147 1196 4157 1209 0

280 1250 466 1303 nere
490 1270 495 1277 ,
517 1228 744 1329 hujus
792 1254 962 1306 esse
1022 1232 1170 1305 loci
1220 1245 1618 1332 putamus,
1698 1237 1853 1310 nisi
1914 1239 2087 1336 plus
2143 1239 2356 1334 justo
2414 1258 2462 1310 a
2524 1259 2781 1310 rerum
2831 1235 3218 1310 declinare
3276 1237 3604 1310 velimus
3656 1233 3956 1323 ordine,

277 1362 418 1437 sed
467 1385 562 1437 ea
611 1376 953 1454 tantum,
1020 1384 1218 1462 quae
1278 1366 1380 1443 ad
1441 1348 1773 1443 docendi
1831 1369 2330 1469 discendique
2375 1381 2625 1445 artem
2676 1370 3210 1469 pertinebunt,
3279 1367 3380 1441 ad
3442 1389 3670 1465 quam
3737 1366 3957 1438 varia

277 1517 386 1568 ex
439 1494 920 1591 Pythagorae
968 1499 1138 1572 vita
1191 1514 1519 1599 possunt
1568 1501 1864 1576 referri.
1967 1502 2075 1576 In·
2106 1504 2412 1602 quibus,
2463 1505 2533 1577 si
2582 1524 2756 1578 mea
2784 1503 3092 1602 saepius
3128 1501 3498 1591 citavere,
3550 1498 3634 1573 id
3681 1499 3956 1573 immo·

279 1628 499 1702 deste
542 1652 718 1704 esse
766 1630 1053 1705 factunm
1104 1654 1202 1707 ne
1259 1648 1624 1708 censeant
1642 1687 1666 1724 ,
1731 1637 2054 1710 lectores
2104 1638 2560 1711 monuerim.

581 1786 851 1860 Samos
883 1788 1175 1878 insula,
1229 1813 1422 1888 quae
1454 1791 1935 1887 Pythagorae
1966 1792 2115 1866 fuit
2143 1797 2401 1868 natale
2429 1793 2677 1867 solum
2712 1791 2910 1865 circa
2941 1788 3245 1889 Olymp.
3274 1793 3372 1863 49
3402 1788 3679 1882 (580a.
3714 1783 3950 1881 cnm).

278 1916 561 1990 Jonum
608 1918 756 1991 fuit
809 1932 887 1992 et
936 1916 1209 2018 primis
1252 1924 1568 2019 jamJ‘am
1621 1925 2101 2027 temporibus
2153 1949 2313 2000 non
2365 1929 2612 2000 solum
2662 1946 3078 1998 nervorum
3116 1944 3541 2018 vocumque
3575 1920 3951 2007 cantibus,

280 2050 365 2122 in
418 2051 697 2149 quibus
743 2074 1117 2127 summam
1156 2054 1668 2130 eruditionem
1700 2059 1972 2132 Graeci
2021 2059 2248 2134 sitam
2301 2082 2470 2133 esse
2521 2050 2960 2145 censebant,
3010 2078 3280 2130 verum
3318 2055 3553 2127 etiam
3587 2052 3952 2151 reipubli-

281 2205 414 2256 cae
491 2185 1061 2283 sapientissime
1124 2187 1502 2284 regendae
1577 2189 1990 2288 disciplina
2062 2192 2265 2267 inter
2337 2194 2530 2267 alias
2597 2189 2940 2287 ejusdem
3016 2190 3350 2285 regionis
3428 2187 3761 2276 insulas,
3869 2186 3951 2256 in

284 2315 589 2413 quibus,
630 2330 718 2391 ut
771 2318 851 2390 in
906 2320 1156 2417 prima
1187 2320 1377 2393 Asia
1425 2322 1751 2413 minore,
1807 2323 2203 2397 literarum
2253 2327 2689 2421 artiumque
2742 2322 3001 2394 studia
3048 2322 3335 2420 primas
3385 2332 3704 2415 egerunt
3747 2317 3951 2390 radi-

277 2471 443 2542 ces,
497 2451 824 2523 eminuit
878 2475 1343 2550 magnopere
1403 2453 1499 2549 ε’).
1619 2455 2005 2553 Apollini,
2073 2480 2299 2554 quem
2362 2455 2860 2530 Doriensium
2926 2454 3416 2554 potissimum
3487 2475 3655 2525 esse
3723 2449 3951 2522 deum

279 2568 556 2676 magno
609 2584 901 2678 ingenii
952 2586 1302 2658 acumine
1368 2585 1738 2684 probavit
1785 2588 1873 2661 0.
1931 2587 2302 2662 Miillerus
2364 2591 2469 2683 ⁴),
2538 2591 2900 2685 cujusque
2967 2586 3095 2660 dei
3164 2585 3371 2686 apud
3433 2583 3949 2677 Pythagoram

281 2712 698 2812 plurimum
745 2716 995 2790 valuit
1033 2717 1318 2809 cultus,
1377 2720 1659 2793 multas
1711 2743 1886 2796 aras
1933 2721 2324 2798 dedicatas
2349 2723 2738 2821 multaque
2775 2719 3005 2795 thura
3044 2742 3213 2793 esse
3259 2740 3535 2828 *sparsa
3581 2739 3630 2790 a
3669 2714 3948 2790 Samiis

276 2870 438 2921 non
488 2871 894 2947 possumus
953 2851 1140 2947 quin
1183 2851 1540 2950 inprimis
1591 2876 2125 2929 memoremus.
2234 2854 2332 2931 Ut
2382 2851 2889 2952 Pythagorica
2940 2852 3433 2955 philosophia
3482 2850 3952 2923 subobscura

279 2995 435 3071 est,
544 2981 656 3055 sic
731 2985 1065 3056 auctoris
1162 2983 1363 3073 vita,
1479 3007 1716 3084 quae,
1823 3010 1993 3061 cum
2028 2987 2471 3063 &hominum
2562 3012 2693 3063 ore
2781 2988 3132 3084 famaque
3209 2984 3564 3082 populari
3640 2979 3951 3080 prodita

280 3115 417 3202 sit,
497 3091 692 3211 quae
743 3115 1252 3222 varietatibus
1303 3118 1702 3192 materiem
1756 3141 2153 3195 exornans
2204 3143 2420 3194 suam
2471 3143 2629 3194 non
2682 3124 2794 3224 ita
2847 3122 3256 3194 veritatem
3307 3136 3658 3204 servare,
3721 3134 3952 3211 quam

279 3247 752 3320 deverticula
820 3248 1044 3346 quasi
1108 3270 1433 3321 amoena
1498 3250 1998 3326 audientibus
2054 3275 2328 3352 parare
2380 3253 2678 3340 studet,
2760 3252 3004 3346 magis
3070 3251 3461 3346 magisque
3529 3244 3948 3339 mythicam

200 3365 207 3378 ’
277 3378 532 3465 induit
584 3382 916 3477 speciem
949 3353 1208 3479 ’usque
1259 3381 1357 3455 ad
1408 3384 1723 3457 tertium
1777 3398 2233 3482 quartumve
2284 3409 2359 3485 p.
2391 3382 2570 3460 Chr.
2622 3386 3030 3474 saeculum,
3083 3405 3233 3480 quo
3282 3381 3670 3476 Diogenes
3721 3378 3952 3450 Laer-

276 3514 505 3599 tiuss
536 3512 668 3610 qui
719 3512 1216 3609 dijudicando
1266 3536 1424 3588 non
1476 3537 1720 3613 aeque
1772 3539 1862 3591 ac
1912 3517 2340 3614 colligendo
2391 3518 2884 3615 praecipuus,
2946 3514 3460 3613 Porphyrius,
3525 3513 3656 3608 qui
3700 3511 3951 3586 Nean-

277 3643 489 3717 them
535 3645 920 3743 sequitur,
984 3643 1491 3737 Jamblichus‚
1556 3651 1678 3721 cui
1731 3649 2253 3723 Aristoxenus
2318 3650 2658 3747 praeivit
2709 3662 3011 3738 auctor,
3075 3647 3395 3743 disiecta
3435 3646 3666 3742 quasi
3718 3664 3950 3716 mem-

278 3776 449 3865 bra,
498 3788 675 3849 utut
732 3800 1086 3853 sermone
1130 3793 1354 3852 erant
1399 3794 1856 3881 propagata,
1921 3785 2007 3855 in
2057 3803 2297 3854 unum
2346 3781 2808 3878 redegerunt
2835 3781 3312 3877 chartaeque
3363 3778 3949 3851 mandaverunt.

278 3908 651 4003 Diogenis
718 3909 1013 3984 Laertii
1077 3911 1557 4008 diligentiam
1612 3926 1840 4012 atque
1908 3914 2482 4004 assiduitatem,
2563 3937 2712 4014 qua
2788 3915 2967 3987 libri
3019 3916 3141 3988 sui
3188 3912 3590 3985 materiem
3641 3910 3951 4008 conqui-

276 4040 470 4116 sivit
529 4052 763 4140 atque
819 4045 1312 4145 conscripsit,
1369 4068 1596 4120 nemo
1658 4060 1777 4120 est
1836 4047 2025 4150 quin
2089 4047 2352 4121 laudet
2406 4069 2905 4146 magnopere,
2968 4049 3118 4120 etsi
3180 4047 3545 4142 antiquae
3610 4041 3948 4142 philoso-

276 4174 507 4272 phiae
579 4173 982 4254 historiam
1061 4179 1336 4276 primis
1419 4191 1717 4253 tantum
1792 4182 2138 4274 gustavit
2207 4181 2483 4270 labris,
2564 4203 2883 4277 eamque
2958 4179 3104 4284 vix
3185 4177 3678 4252 mediocriter
3756 4175 3948 4249 scire
4005 4189 4013 4200 ·

358 4409 412 4476 ⁸)
452 4402 641 4468 mittet
678 4402 976 4480 &eschidyte
1012 4412 1099 4471 bet
1141 4412 1423 4492 potimur.
1461 4409 1812 4485 whitesovbie
1850 4406 1936 4474 Θ.
1980 4418 2015 4471 7
2055 4426 2113 4472 u.
2155 4412 2195 4486 s.
2237 4425 2308 4472 w.
2399 4407 2692 4486 &emittm
2731 4414 2819 4473 bet
2857 4406 3198 4488 thiebung,
3252 4401 3298 4464 Ι.
3335 4411 3498 4476 254..
3561 4404 3951 4484 Pytbtgomn

465 4496 697 4575 Olymp.
746 4502 847 4573 w,
886 4503 946 4559 4.
1000 4521 1135 4560 ene
1186 4515 1389 4561 natum
1439 4515 1501 4561 et
1541 4507 1637 4578 72,
1676 4505 1735 4572 4.
1772 4514 2072 4560 mortunm
2110 4502 2282 4562 docet
2321 4500 2621 4579 Bentlejus
2671 4505 2732 4561 in
2774 4501 3188 4561 dissertatione
3228 4498 3298 4558 de
3335 4507 3527 4557 aetate
3567 4496 3949 4576 Pythagorae.

460 4586 578 4742 (1:¹53
593 4609 938 4744 ‘ZPQU
987 4613 1104 4672 quo
1155 4593 1629 4662 dissertafioncn
1674 4613 1843 4658 snam
1895 4594 1969 4653 de
2021 4597 2292 4673 epistolis
2330 4594 2656 4656 Phalaridis
2695 4595 2956 4657 vindicat
3008 4614 3044 4653 a
3081 4612 3328 4655 censura
3367 4591 3559 4652 Caroli
3599 4589 3782 4667 Boylc
3821 4608 3949 4670 pag.

356 4802 408 4869 ⁴)
448 4794 563 4860 mie
600 4796 805 4862 Datin
843 4801 907 4873 1.‚
948 4805 1080 4862 2⁰1.
1121 4821 1236 4880 seq.
1313 4802 1587 4894 Panofh
1637 4834 1734 4883 m
1776 4805 2112 4868 samiorum
2157 4824 2210 4882 p.
2245 4805 2341 4864 63.
