4537 5463
252 1196 715 1362 Graecos,
786 1292 953 1355 cum
1008 1272 1429 1361 maximam
1475 1273 1736 1369 pueris
1790 1271 2207 1347 educandis
2258 1283 2488 1368 atque
2534 1270 3034 1369 instituendis
3095 1272 3572 1346 navaverint-
3615 1298 3924 1374 operam

247 1427 711 1502 suorumque
762 1403 1160 1477 hominum
1211 1426 1331 1495 eo,
1382 1426 1531 1501 quo
1584 1427 1727 1503 par
1776 1417 1917 1495 est,
1974 1404 2230 1478 studio
2283 1416 2362 1477 et
2413 1405 2757 1476 animum
2794 1416 2872 1477 et
2915 1426 3215 1501 corpus,
3265 1417 3348 1477 ut
3390 1409 3606 1502 Justa
3642 1411 3924 1481 utrius-

240 1552 395 1636 que
460 1537 679 1610 fieret
744 1535 1186 1627 harmonia,
1265 1538 1867 1635 perpoliverint‚
1943 1538 2233 1636 primos
2319 1537 2525 1609 inter
2605 1559 2870 1611 omnes
2936 1538 3427 1636 antiquitatis
3494 1552 3758 1635 gentes
3823 1544 3920 1615 ad

244 1670 523 1745 altiora
573 1692 830 1744 rerum
877 1667 1502 1742 scholasticarum
1555 1683 1847 1745 secreta
1899 1671 2117 1768 quasi
2172 1670 2660 1743 descendisse
2711 1670 2795 1742 in
2839 1692 3117 1768 easque
3159 1672 3657 1769 inquisivisse
3708 1696 3924 1747 accu-

241 1804 655 1893 ratissime,
708 1816 932 1875 nemo
965 1812 1085 1874 est
1127 1802 1264 1907 qui
1292 1802 1723 1901 mirabitur.
1776 1803 2039 1901 Neque
2060 1825 2251 1907 ¹vero
2288 1801 2387 1874 ab
2413 1801 2644 1897 initio
2696 1802 3122 1901 primisque
3149 1802 3686 1904 philosophiae
3732 1819 3920 1879 tem-

241 1935 563 2035 poribus
628 1933 913 2030 singuli
983 1934 1265 2032 quique
1330 1936 1793 2043 Graecorum
1843 1937 2150 2035 populi,
2220 1957 2544 2033 quorum
2599 1935 2752 2009 duo
2804 1937 3338 2035 potissimum,
3371 1936 3637 2013 ‘Jones
3689 1949 3919 2037 atque

238 2068 689 2157 Dorienses,
732 2068 1125 2141 literarmn
1156 2068 1475 2163 gloriam
1517 2069 1617 2140 ad
1647 2080 2001 2167 posteros
2034 2080 2659 2166 propagaverunt
2691 2090 2934 2159 suam,
2984 2070 3267 2167 quippe
3308 2073 3442 2167 qui
3485 2093 3760 2166 magna
3795 2096 3918 2145 ea-

237 2226 388 2300 que
454 2202 766 2275 diversa
825 2223 1012 2299 prae
1079 2200 1400 2274 caeteris
1465 2202 1797 2300 praediti
1867 2213 2128 2274 essent
2192 2200 2487 2296 ingenii
2536 2201 2932 2274 alacritate
2997 2204 3429 2301 mentisque
3480 2205 3917 2299 sagacitate,

233 2336 340 2409 ad
390 2336 575 2408 haec
626 2355 794 2407 sese
847 2343 1398 2408 converterunt
1448 2333 1739 2423 studia,
1807 2332 2084 2430 quibus
2154 2314 2574 2406 liberorum
2623 2332 3157 2408 educationem
3215 2348 3296 2408 et
3347 2337 3914 2409 institutionem

192 2469 696 2568 *firmissimis
742 2468 1180 2577 stabilirent
1226 2465 1486 2539 fulcris
1540 2468 1837 2564 itaque,
1890 2489 1986 2563 ne
2042 2465 2230 2564 quid
2280 2466 2712 2565 respublica
2765 2465 3209 2540 detrimenti
3246 2480 3574 2568 caperet,
3627 2472 3915 2568 optime

235 2600 507 2674 videre
560 2613 906 2700 possent.
1004 2600 1318 2675 Etenim
1367 2597 1639 2689 Jones,
1718 2601 1785 2672 si
1824 2598 1928 2672 ad
1980 2600 2380 2697 utriusque
2431 2600 2704 2697 populi
2756 2600 3135 2699 respicere
3191 2601 3519 2673 velimus
3570 2602 3912 2676 indolem

231 2747 463 2832 atque
517 2734 905 2823 habitum,
981 2744 1258 2806 natura
1308 2731 1796 2823 mobiliores‚
1870 2731 2293 2822 faciliores,
2367 2733 2778 2805 alacriores
2831 2748 3167 2806 externa
3215 2734 3469 2832 specie
3525 2737 3911 2834 variisque

231 2869 627 2940 variarum
683 2889 939 2939 rerum
988 2865 1547 2939 mutationibus
1607 2867 1848 2938 multo
1906 2868 2144 2962 magis
2198 2865 2755 2953 afficiebantur,
2798 2888 3024 2964 quam
3080 2854 3534 2957 Dorienses,
3589 2891 3909 2965 quorum

231 3000 547 3085 firmior,
600 3001 933 3094 gravior,
980 2999 1326 3073 severior
1365 3010 1530 3070 erat
1564 3011 1862 3088 natura,
1916 3012 1994 3072 et
2035 3000 2163 3096 qui
2215 3020 2372 3070 non
2424 2999 2535 3069 ita
2586 2998 2684 3070 iis
2729 3021 2921 3095 quae
2974 3000 3170 3070 fiunt
3221 3022 3562 3097 quaeque
3607 3012 3906 3072 mutan-

231 3146 382 3220 tur,
435 3154 663 3230 quam
714 3134 812 3207 iis
865 3156 1058 3232 quae
1110 3143 1295 3206 sunt
1342 3152 1686 3230 quaeque
1738 3145 2054 3204 manent
2082 3154 2164 3203 se
2200 3131 2680 3204 addixerunt
2730 3144 2810 3204 et
2838 3131 2975 3205 hac
3027 3131 3122 3205 de
3171 3154 3400 3206 causa
3435 3133 3544 3203 ab
3576 3146 3906 3205 externa

227 3265 332 3339 ad
378 3266 769 3356 internam,
817 3268 1034 3363 quasi
1089 3264 1594 3360 confugerunt
1648 3264 1910 3336 vitam.
3671 3267 3682 3274 “

532 3397 794 3493 Neque
854 3387 1077 3482 aliter
1144 3399 1538 3493 utriusque
1606 3397 1873 3492 stirpis
1942 3394 2411 3495 philosophi.
2513 3393 2763 3470 Jonici
2835 3395 3040 3465 enim
3107 3395 3684 3491 antiquissimo,
3754 3417 3902 3491 quo

225 3528 551 3602 Athenis
620 3527 1156 3629 philosophiae
1213 3533 1504 3626 jaceret
1570 3529 1911 3602 studium
1980 3544 2367 3625 tempore,
2454 3528 2803 3627 physicis
2884 3528 3370 3623 potissimum
3444 3527 3902 3600 studuerunt

226 3684 629 3759 rerumque
687 3674 1076 3754 naturam,
1145 3675 1523 3761 quatenus
1593 3661 1831 3734 oculis
1894 3674 2011 3733 est
2068 3661 2445 3758 subjecta,
2509 3662 2808 3734 ratione
2871 3660 3278 3756 animoque
3349 3661 3899 3744 lustraverunt,

224 3806 310 3866 ut
362 3792 676 3882 Thales,
731 3794 1284 3884 Anaximenes,
1337 3793 1951 3883 Anaximander,
2006 3791 2426 3866 Archelaus
2479 3793 2763 3866 Milesii
2821 3793 2926 3886 ¹),
2981 3791 3366 3885 Diogenes
3422 3790 3896 3889 Apollonias.

220 3925 662 3999 Heraclitus
710 3926 1677 4025 Ephesius,.Anaxagoras
1738 3924 2319 4013 Clazomenius,
2371 3941 2598 4023 atque
2667 3926 2767 3997 ad
2821 3947 3117 3996 morum
3172 3923 3600 3996 doctrinam
3669 3926 3898 3996 raris-

219 4062 414 4131 sime
468 4071 1021 4157 respexerunt,
1081 4058 1342 4131 Dorici
1389 4082 1615 4148 vero,
1671 4059 1800 4156 qui
1851 4082 2012 4131 non
2065 4059 2205 4132 hac
2257 4059 2491 4132 illave
2542 4059 2914 4143 materia,
2991 4068 3074 4127 ut
3123 4079 3362 4153 aqua,
3430 4062 3645 4145 aere,
3720 4059 3894 4151 igne

220 4192 610 4281 nituntur,
692 4192 774 4263 in
845 4193 940 4263 iis
1021 4192 1318 4289 potius,
1399 4215 1592 4289 quae
1652 4215 1697 4264 a
1764 4192 2121 4265 sensibus
2188 4205 2266 4265 et
2332 4192 2889 4264 consuetudine
2953 4202 3134 4261 sunt
3209 4200 3572 4264 sevocata
3663 4201 3892 4286 atque

213 4323 585 4412 abducta,
638 4337 1093 4420 versantur,
1135 4323 1467 4421 indeque
1529 4309 1606 4397 et
1669 4325 2053 4420 cogitandi
2114 4338 2191 4396 et
2245 4324 2520 4419 agendi
2588 4335 2942 4420 repetunt
2981 4321 3342 4394 finormas.
3446 4319 3656 4410 Quae
3724 4345 3891 4393 cum

210 4459 327 4528 ita
382 4456 539 4532 sint
589 4478 696 4529 ex
745 4457 843 4529 iis
901 4480 1095 4554 quae
1148 4458 1302 4531 illis
1370 4460 1824 4556 placuerunt
1889 4457 1991 4530 ad
2041 4480 2224 4546 nos»,
2295 4458 2470 4556 qui,
2542 4479 2734 4553 quae¹
2792 4455 3230 4553 philosophi
3289 4455 3382 4527 de
3438 4454 3889 4526 educatione

297 4684 355 4757 ¹)
397 4681 517 4741 De
528 4683 766 4757 Mileto,
821 4705 965 4763 quae
1024 4688 1159 4745 urbs
1219 4693 1277 4744 in
1316 4705 1380 4746 re
1420 4688 1680 4745 literaria
1732 4699 1793 4745 et
1834 4687 2184 4746 scholastica
2221 4690 2391 4745 lunae
2432 4690 2619 4744 instar
2660 4690 2817 4744 inter
2852 4687 3079 4743 minora
3132 4687 3307 4744 Asiae
3345 4688 3589 4743 minoris
3630 4687 3891 4760 splendet

404 4776 595 4834 nidero
632 4780 705 4834 cf.
747 4775 1039 4849 Θεῐώἰώιε
1081 4789 1163 4840 oet
1203 4777 1507 4857 &meinung
1550 4788 1659 4842 unt>
1703 4785 1794 4841 bes
1835 4781 2157 4853 untetridyts
2202 4781 2261 4842 in
2303 4779 2740 4853 ιυοίῐῡίῆοτὶῐώετ
2769 4776 3171 4857 &amittemus
3211 4793 3320 4841 oon
3358 4776 3616 4853 &tiebticb
3648 4776 3891 4850 (Stoma,

404 4868 533 4941 ister
574 4868 751 4943 zmil.
795 4868 880 4932 Q.
925 4882 1035 4934 250
1078 4890 1133 4934 u
1177 4879 1307 4935 251
1559 4931 1581 4946 ,

560 5003 585 5034 s
2944 4969 2977 5040 1
3040 4965 3076 5003 ¹*
