4537 5463
2032 250 2152 342 13

234 481 550 573 lubuit,
600 481 736 580 qni
789 482 1187 559 altissimis
1241 482 1639 556 literarum
1690 480 1971 556 studiis
2018 482 2521 557 initiarentur
2572 484 2861 581 quique
2913 479 3371 580 aliquando,
3441 502 3620 557 nam
3672 481 3935 580 politi—

238 616 374 706 eis,
417 637 617 713 quae
640 615 961 709 ,dicu-t,
1008 637 1196 715 prae
1248 616 1574 690 caeteris
1624 616 2011 691 consuluit
2038 629 2273 714 atque
2300 615 2625 708 studuit,
2675 616 2904 690 rebus
2933 614 3534 716 praeficerentur
3579 613 3934 713 publicis.

236 746 507 846 ltaque
556 748 1042 825 intuentibus
1091 750 1320 824 nobis
1371 762 1454 822 et
1506 746 1813 844 singula
1873 761 1955 822 et
2003 750 2376 825 universa
2427 747 2981 845 Pythagoricae
3037 747 3434 822 societatis
3482 746 3936 822 flmdamen'-

239 893 408 957 tnm
457 900 550 956 ac
596 884 932 981 primum
994 883 1218 980 qnasi
1286 882 1755 982 principium
1817 883 1951 981 pia
2001 883 2255 958 virtus
2314 895 2549 979 atque
2596 903 2874 958 severa
2928 900 3183 956 rerum
3246 879 3560 957 videtur
3610 868 3935 957 investi·-

236 1014 492 1111 gatio,
544 1036 925 1089 summum
972 1036 1162 1090 vero
1214 1015 1424 1114 quod
1478 1018 1563 1089 in
1613 1036 1758 1089 sua
1822 1007 1981 1112 e‘git
2036 1012 2303 1091 schola
2354 1014 2832 1111 Pythagoras
2867 1013 3092 1088 ’nihil
3159 1014 3373 1090 aliud
3422 1025 3593 1089 erat
3641 1014 3794 1086 nisi
3849 1026 3934 1087 nt
4011 992 4016 1001 ⁸

240 1146 609 1222 honestos
682 1159 917 1245 atque
988 1149 1380 1247 sapientes
1459 1148 1932 1247 reipublicae
1995 1148 2343 1223 erudiret
2404 1147 2958 1224 moderatores.
3071 1146 3285 1238 Quae
3350 1146 3614 1223 schola
3683 1146 3934 1242 qualis

238 1267 480 1353 fuerit
522 1284 690 1377 jam
741 1281 1170 1354 accuratius
1221 1279 1687 1371 videbimus,
1739 1300 2231 1380 quamquam,
2295 1302 2468 1355 cum
2517 1279 2816 1355 fabulas
2867 1293 3102 1379 atque
3154 1292 3594 1356 commenta
3633 1301 3774 1353 sua
3823 1280 3938 1352 ita

236 1411 827 1503 admiscuerint,
894 1414 1030 1509 qui
1103 1411 1658 1508 Pythagoricae
1712 1413 2106 1489 societatis
2154 1426 2571 1488 externum
2622 1413 2851 1488 nobis
2911 1412 3572 1488 adumbraverunt
3622 1425 3936 1499 statum,

237 1556 331 1620 nt
396 1542 585 1621 vera
636 1567 696 1618 -a
759 1545 975 1620 falsis
1037 1547 1185 1621 vix
1251 1546 1560 1644 possint
1623 1549 1965 1639 secerni,
2049 1568 2234 1620 num
2296 1567 2581 1645 operae
2639 1547 2977 1644 pretium
3042 1546 3381 1623 facturus
3446 1546 3594 1620 sim
3661 1542 3933 1620 dubito
4001 1638 4004 1645 k

238 1700 727 1777 magnopere.

542 1843 903 1935 scholae,
953 1865 1182 1940 quam
1236 1842 1711 1940 Pythagoras
1764 1843 1963 1918 circa
2003 1843 2529 1943 olympiadem
2580 1846 3142 1943 sexagesimam
3194 1844 3610 1922 secundam
3663 1842 3935 1919 Croto·

237 2002 346 2053 ne
394 1976 776 2068 condidit,
814 1989 1001 2050 -tres
1057 1975 1292 2051 fuisse
1346 1976 2079 2068 videnturclasses,
2144 2001 2469 2076 quarum
2534 1980 2622 2052 in
2671 1979 2922 2079 prima
2964 1981 3346 2076 juvenum
3397 2000 3651 2052 mores
3703 1974 3935 2073 atque

241 2111 715 2212 optimarum
766 2109 1167 2183 literarum
1217 2108 1519 2183 indoles
1569 2132 1711 2207 per
1761 2108 1995 2183 trium
2044 2132 2427 2186 annorum
2482 2113 2821 2211 spatium
2875 2113 3329 2210 exploravit
3360 2124 3593 2209 atque
3632 2109 3933 2184 exami-

238 2245 488 2319 navit.
594 2239 825 2341 Cujus
895 2241 1131 2316 facies
1194 2242 1537 2316 liberalis
1595 2254 1763 2314 erat
1818 2254 1898 2314 et
1948 2243 2318 2339 ingenua,
2382 2246 2699 2320 nonnisi
2765 2243 2971 2320 hunc
3018 2246 3276 2345 primo
3331 2243 3510 2318 huic
3569 2263 3934 2316 morum

239 2376 654 2473 adscripsit
704 2376 1063 2469 coetui,
1125 2377 1194 2449 si
1263 2373 1714 2474 parentibus
1783 2387 2015 2473 atque
2066 2379 2413 2474 cognatis
2464 2378 2806 2452 debitam
2858 2401 2946 2453 ac
2995 2380 3285 2476 justam
3345 2378 3500 2450 non
3570 2377 3935 2450 omiserat

240 2509 791 2601 obedientiam,
843 2532 1073 2605 quam
1121 2533 1304 2608 prae
1356 2509 1678 2582 caeteris
1732 2493 2007 2604 magni
2041 2511 2486 2585 aestimavit
2528 2512 2920 2603 virtutem,
2970 2512 3251 2584 multos
3301 2531 3493 2584 vero
3544 2510 3681 2607 qui
3734 2509 3934 2605 opti-

242 2665 414 2718 mos
465 2664 549 2717 se
598 2640 762 2716 fore
815 2663 973 2713 non
1028 2642 1138 2714 ita
1205 2642 1360 2715 oris
1415 2641 1645 2715 ductu
1713 2642 2293 2750 promiserunt,
2367 2645 2671 2742 rejecit,
2741 2657 2829 2716 ut
2888 2642 3344 2718 seditiosum
3410 2643 3631 2716 illum
3698 2639 3931 2736 Cylo-

242 2800 463 2866 nem‚
513 2797 695 2848 nam
746 2796 854 2846 ex
902 2798 1210 2872 quoque
1259 2777 1467 2872 ligno
1502 2774 1965 2849 Mercurium
2017 2799 2248 2873 posse
2301 2778 2653 2875 exsculpi
2689 2778 3005 2872 negavit
3056 2777 3199 2872 ³⁶).
3304 2776 3427 2851 Ab
3462 2775 3692 2848 initio
3718 2774 3928 2847 enim

241 2907 806 2996 adolescentes,
860 2907 993 3005 qui
1047 2930 1214 2982 sese
1283 2908 1382 2982 ad
1447 2908 1895 2982 discendum
1960 2909 2403 2984 obtulerant
2466 2907 2962 2995 ε’φυσιογαωμόνει
3025 2911 3196 2984 sive
3261 2930 3515 2984 mores
3579 2918 3929 2979 naturas-

243 3066 394 3142 que
439 3039 837 3113 hominum
891 3043 1446 3137 conjectatione
1495 3042 1829 3140 quadam
1880 3039 1977 3114 de
2031 3044 2188 3116 oris
2242 3044 2655 3142 vultusque
2708 3043 3062 3139 ingenio,
3126 3042 3374 3140 deque
3451 3039 3692 3115 totius
3763 3058 3924 3110 cor-

241 3173 457 3275 poris
523 3173 652 3246 filo
720 3184 952 3270 atque
1018 3172 1286 3246 habitu
1353 3186 1473 3246 est
1534 3174 1969 3248 sciscitatus
2031 3176 2176 3274 ³').
2296 3176 2563 3276 Neque
2626 3175 2872 3252 solum
2945 3178 3024 3248 in
3092 3179 3342 3274 primo
3411 3173 3643 3247 hocce
3711 3171 3924 3244 vitae

239 3304 741 3406 scholasticae
792 3304 1045 3379 stadio
1100 3327 1369 3379 omnes
1420 3299 1769 3381 accurate
1811 3307 2265 3384 observavit
2316 3309 2777 3408 discipulos,
2845 3307 2981 3381 sed
3035 3306 3135 3381 ad
3197 3308 3498 3403 singula
3551 3324 3960 3414 quaeque,

241 3437 434 3537 quid
480 3449 858 3529 tacerent,
916 3438 1102 3536 quid
1149 3440 1680 3540 loquerentur,
1731 3441 1921 3539 quid
1971 3453 2467 3540 appeterent,
2520 3464 2674 3541 quo
2709 3439 3224 3530 afficerentur,
3275 3442 3617 3513 animum
3648 3435 3923 3510 adver-

239 3573 345 3645 tio
401 3570 562 3670 ³⁰),
600 3583 682 3645 et
731 3572 1042 3670 quidem
1096 3573 1582 3670 potissimum
1636 3572 1735 3647 ad
1788 3573 2245 3648 modestiam
2298 3586 2532 3671 atque
2583 3572 3166 3664 verecundiam,
3220 3593 3372 3670 qua
3429 3573 3716 3645 nullam
3769 3569 3924 3641 vir*-

238 3716 486 3780 tutem
551 3702 1171 3780 adolescentibus
1234 3727 1405 3778 esse
1476 3707 1860 3805 potiorem
1929 3708 2229 3781 censuit
2292 3705 2794 3803 Pythagoras.
2925 3706 3367 3780 vanitatem
3436 3726 3625 3778 vero
3693 3714 3974 3804 atque·

238 3837 842 3911 ostentationem
895 3859 1348 3932 magnorum
1401 3838 1971 3936 multorumque
2010 3862 2179 3913 esse
2208 3853 2533 3914 matrem
2583 3839 2953 3915 vitiorum
2995 3863 3181 3913 vere
3217 3861 3357 3912 nos
3393 3835 3657 3910 docuit
3700 3855 3921 3933 prae·

236 3982 638 4069 ceptorum
688 3971 1121 4061 maximus,
1173 3972 1345 4069 qui,
1394 3994 1675 4071 pueros
1728 3973 2092 4071 superbia
2143 3973 2451 4048 inflatos
2491 3974 2887 4046 literarum
2935 3971 3195 4045 studio
3233 3970 3476 4066 magis
3527 3966 3921 4061 magisque

235 4115 701 4193 tumescere,
751 4125 921 4177 cum
970 4104 1191 4177 inani
1240 4126 1329 4178 ac
1379 4103 1575 4179 falsa
1626 4102 2023 4182 doctrinae
2088 4129 2275 4181 suae
2334 4106 2556 4182 facile
2625 4105 3037 4180 efferantur
3104 4103 3644 4203 persuasione,
3698 4101 3922 4195 juve-

283 4331 387 4410 ⁸·:)
424 4331 573 4393 Tres
609 4333 797 4392 fui-u
840 4334 1060 4395 classes
1114 4354 1193 4394 cx
1239 4338 1368 4412 ipsa
1402 4335 1641 4396 scholae
1676 4338 2016 4398 conditione
2052 4337 2371 4412 concludo,
2425 4358 2545 4400 non
2595 4358 2671 4398 ex
2725 4339 2906 4397 variis
2960 4337 3375 4412 discipolorum
3416 4330 3780 4400 nominibus,
3821 4329 3921 4404 qni
3971 4333 3980 4338 ’

430 4425 704 4500 Politici,
744 4426 1157 4502 oeconomici,
1193 4429 1552 4503 Esosterici,
1606 4429 2043 4505 Nomothetici,
2098 4434 2510 4505 Acnsmatici‚.
2546 4419 2882 4490 'l'heoretici
2922 4429 3380 4509 appellabantur.
3459 4423 3577 4482 cfr.
3619 4421 3825 4481 Jambl.
3868 4439 3920 4476 c.

435 4519 529 4591 1⁷,
572 4521 642 4577 18
682 4529 744 4578 et
778 4522 879 4595 28,
919 4521 979 4595 fl.
1023 4522 1152 4581 150.
1230 4519 1418 4585 mittet
1456 4521 1749 4595 &eseiam
1787 4530 1873 4586 bet
1912 4527 2191 4601 pptbcgot.
2233 4526 2583 4600 &bitosopbie
2622 4544 2676 4602 p.
2715 4523 3003 4596 44-64,
3058 4524 3159 4602 qui
3199 4521 3271 4580 de
3308 4521 3490 4578 varii·
3528 4518 3690 4576 hisce
3729 4516 3919 4574 uomi-

352 4618 363 4629 ’
428 4609 601 4671 nibu-
650 4632 963 4694 eorumqne
1015 4617 1244 4695 origine
1296 4615 1447 4693 apud
1499 4616 1871 4695 philosophos
1922 4627 2117 4676 aetate
2172 4618 2511 4691 inferiores,
2565 4619 2665 4695 qui
2720 4619 2985 4676 civilium
3036 4634 3227 4676 rerum
3275 4612 3534 4672 studium
3589 4609 3918 4668 divinarum

426 4716 822 4781 opposuerunt
873 4710 1351 4786 contemplationi
1404 4728 1482 4769 ex
1531 4728 1887 4788 quorumque
1924 4711 2220 4769 sententia
2272 4709 2685 4769 mathematica
2740 4710 2813 4768 ad
2866 4712 3078 4769 aliores
3117 4710 3215 4767 via
3253 4708 3516 4765 munitur
3554 4701 3921 4776 disciplinas,

424 4796 571 4856 bene
620 4797 959 4878 disputavit.
2829 4805 2838 4810 ’
3813 4801 3824 4810 ’

270 4888 376 4967 ”)
415 4888 644 4950 Gellius
681 4893 757 4954 N.
799 4897 923 4954 Ate.
965 4894 1011 4970 1‘,
1051 4894 1111 4960 9.
1525 4892 1624 4974 θ’)
1664 4893 2020 4976 Porphyrius
2062 4896 2120 4972 ς.
2168 4898 2238 4958 13
2278 4908 2343 4956 et
2385 4898 2474 4957 14.
2556 4894 2857 4957 Iamblicb.
2900 4915 2949 4954 e.
2995 4898 3086 4956 17.
