<?xml version="1.0" encoding="UTF-8"?>
<!DOCTYPE html PUBLIC "-//W3C//DTD XHTML 1.0 Transitional//EN"
    "http://www.w3.org/TR/xhtml1/DTD/xhtml1-transitional.dtd">
<html xmlns="http://www.w3.org/1999/xhtml" xml:lang="en" lang="en">
 <head>
  <title>
</title>
<meta http-equiv="Content-Type" content="text/html;charset=utf-8" />
  <meta name='ocr-system' content='tesseract 3.04.00' />
  <meta name='ocr-capabilities' content='ocr_page ocr_carea ocr_par ocr_line ocrx_word'/>
</head>
<body>
  <div class='ocr_page' id='page_1' title='image "./dissertatiodepy00cramgoog_0012.png"; bbox 0 0 4537 5463; ppageno 0'>
   <div class='ocr_carea' id='block_1_1' title="bbox 2462 198 3284 315">
    <p class='ocr_par' dir='ltr' id='par_1_1' title="bbox 2462 198 3284 315">
     <span class='ocr_line' id='line_1_1' title="bbox 2462 198 3284 315; baseline 0 0"><span class='ocrx_word' id='word_1_1' title='bbox 2462 227 2524 315; x_wconf 81' lang='grc'>4</span> <span class='ocrx_word' id='word_1_2' title='bbox 2621 198 2630 209; x_wconf 84' lang='grc'><em>’</em></span> <span class='ocrx_word' id='word_1_3' title='bbox 3269 220 3284 253; x_wconf 86' lang='grc'><em>·</em></span> 
     </span>
    </p>
   </div>
   <div class='ocr_carea' id='block_1_2' title="bbox 593 428 4341 953">
    <p class='ocr_par' dir='ltr' id='par_1_2' title="bbox 593 428 4341 953">
     <span class='ocr_line' id='line_1_2' title="bbox 661 428 4341 559; baseline -0 -31"><span class='ocrx_word' id='word_1_4' title='bbox 661 456 1111 545; x_wconf 73' lang='lat' dir='ltr'><strong>statuerint,</strong></span> <span class='ocrx_word' id='word_1_5' title='bbox 1181 477 1444 530; x_wconf 90' lang='lat' dir='ltr'><strong>sumus</strong></span> <span class='ocrx_word' id='word_1_6' title='bbox 1508 454 2040 530; x_wconf 88' lang='lat' dir='ltr'><strong>adumbraturi</strong></span> <span class='ocrx_word' id='word_1_7' title='bbox 2058 510 2081 549; x_wconf 93' lang='lat'><strong>,</strong></span> <span class='ocrx_word' id='word_1_8' title='bbox 2172 479 2421 559; x_wconf 87' lang='lat' dir='ltr'><strong>pauca</strong></span> <span class='ocrx_word' id='word_1_9' title='bbox 2482 468 2778 531; x_wconf 88' lang='lat' dir='ltr'><strong>tantum</strong></span> <span class='ocrx_word' id='word_1_10' title='bbox 2807 428 2810 431; x_wconf 12' lang='lat' dir='ltr'><em>A</em></span> <span class='ocrx_word' id='word_1_11' title='bbox 2843 454 3318 546; x_wconf 88' lang='lat' dir='ltr'><strong>redundare,</strong></span> <span class='ocrx_word' id='word_1_12' title='bbox 3395 450 3672 528; x_wconf 90' lang='lat' dir='ltr'><strong>horum</strong></span> <span class='ocrx_word' id='word_1_13' title='bbox 3739 474 3929 528; x_wconf 87' lang='lat' dir='ltr'><strong>vero</strong></span> <span class='ocrx_word' id='word_1_14' title='bbox 3993 451 4341 552; x_wconf 80' lang='lat' dir='ltr'><strong>philoso-</strong></span> 
     </span>
     <span class='ocr_line' id='line_1_3' title="bbox 650 587 4337 689; baseline 0 -29"><span class='ocrx_word' id='word_1_15' title='bbox 650 587 929 688; x_wconf 90' lang='lat' dir='ltr'><strong>phiam</strong></span> <span class='ocrx_word' id='word_1_16' title='bbox 977 601 1057 662; x_wconf 88' lang='lat' dir='ltr'><strong>et</strong></span> <span class='ocrx_word' id='word_1_17' title='bbox 1106 589 1416 685; x_wconf 90' lang='lat' dir='ltr'><strong>quidem</strong></span> <span class='ocrx_word' id='word_1_18' title='bbox 1455 612 1625 663; x_wconf 90' lang='lat' dir='ltr'><strong>eam</strong></span> <span class='ocrx_word' id='word_1_19' title='bbox 1675 592 2165 689; x_wconf 89' lang='lat' dir='ltr'><strong>potissimum</strong></span> <span class='ocrx_word' id='word_1_20' title='bbox 2218 591 2686 682; x_wconf 74' lang='lat' dir='ltr'><strong>doctrinam,</strong></span> <span class='ocrx_word' id='word_1_21' title='bbox 2739 613 2890 689; x_wconf 89' lang='lat' dir='ltr'><strong>qua</strong></span> <span class='ocrx_word' id='word_1_22' title='bbox 2926 588 3328 667; x_wconf 83' lang='lat' dir='ltr'><strong>hominum</strong></span> <span class='ocrx_word' id='word_1_23' title='bbox 3357 589 3606 664; x_wconf 78' lang='lat' dir='ltr'><strong>vitam</strong></span> <span class='ocrx_word' id='word_1_24' title='bbox 3625 607 4046 687; x_wconf 51' lang='lat' dir='ltr'><strong>¹moresque</strong></span> <span class='ocrx_word' id='word_1_25' title='bbox 4070 587 4337 661; x_wconf 79' lang='lat' dir='ltr'><strong>animo</strong></span> 
     </span>
     <span class='ocr_line' id='line_1_4' title="bbox 593 720 4341 824; baseline 0.001 -31"><span class='ocrx_word' id='word_1_26' title='bbox 593 787 599 793; x_wconf 81' lang='grc'>.</span> <span class='ocrx_word' id='word_1_27' title='bbox 659 735 739 794; x_wconf 89' lang='lat' dir='ltr'><strong>et</strong></span> <span class='ocrx_word' id='word_1_28' title='bbox 793 722 1259 818; x_wconf 78' lang='lat' dir='ltr'><strong>cogitatione</strong></span> <span class='ocrx_word' id='word_1_29' title='bbox 1310 735 1492 794; x_wconf 89' lang='lat' dir='ltr'><strong>sunt</strong></span> <span class='ocrx_word' id='word_1_30' title='bbox 1534 725 1950 823; x_wconf 83' lang='lat' dir='ltr'><strong>complexi,</strong></span> <span class='ocrx_word' id='word_1_31' title='bbox 1994 736 2089 798; x_wconf 83' lang='lat' dir='ltr'><strong>ut</strong></span> <span class='ocrx_word' id='word_1_32' title='bbox 2137 748 2281 824; x_wconf 91' lang='lat' dir='ltr'><strong>pro</strong></span> <span class='ocrx_word' id='word_1_33' title='bbox 2333 725 2549 800; x_wconf 87' lang='lat' dir='ltr'><strong>virili</strong></span> <span class='ocrx_word' id='word_1_34' title='bbox 2599 736 2819 824; x_wconf 88' lang='lat' dir='ltr'><strong>parte</strong></span> <span class='ocrx_word' id='word_1_35' title='bbox 2871 742 3359 823; x_wconf 75' lang='lat' dir='ltr'><strong>exponamus</strong></span> <span class='ocrx_word' id='word_1_36' title='bbox 3408 732 3680 797; x_wconf 87' lang='lat' dir='ltr'><strong>nostra</strong></span> <span class='ocrx_word' id='word_1_37' title='bbox 3705 720 4108 820; x_wconf 77' lang='lat' dir='ltr'><strong>permagni</strong></span> <span class='ocrx_word' id='word_1_38' title='bbox 4134 722 4341 795; x_wconf 85' lang='lat' dir='ltr'><strong>inte-</strong></span> 
     </span>
     <span class='ocr_line' id='line_1_5' title="bbox 652 854 1922 953; baseline 0.003 -27"><span class='ocrx_word' id='word_1_39' title='bbox 652 875 898 945; x_wconf 83' lang='lat' dir='ltr'><strong>resse,</strong></span> <span class='ocrx_word' id='word_1_40' title='bbox 976 855 1146 951; x_wconf 89' lang='lat' dir='ltr'><strong>quis</strong></span> <span class='ocrx_word' id='word_1_41' title='bbox 1198 865 1318 927; x_wconf 91' lang='lat' dir='ltr'><strong>est</strong></span> <span class='ocrx_word' id='word_1_42' title='bbox 1370 856 1556 953; x_wconf 89' lang='lat' dir='ltr'><strong>quin</strong></span> <span class='ocrx_word' id='word_1_43' title='bbox 1607 854 1922 931; x_wconf 59' lang='lat' dir='ltr'><strong>videat?</strong></span> 
     </span>
    </p>
   </div>
   <div class='ocr_carea' id='block_1_3' title="bbox 534 1009 4350 3506">
    <p class='ocr_par' dir='ltr' id='par_1_3' title="bbox 534 1009 4350 3506">
     <span class='ocr_line' id='line_1_6' title="bbox 952 1009 4345 1114; baseline -0.001 -29"><span class='ocrx_word' id='word_1_44' title='bbox 952 1010 1126 1085; x_wconf 83' lang='lat' dir='ltr'><strong>Jam</strong></span> <span class='ocrx_word' id='word_1_45' title='bbox 1198 1035 1387 1086; x_wconf 85' lang='lat' dir='ltr'><strong>vero</strong></span> <span class='ocrx_word' id='word_1_46' title='bbox 1452 1013 1656 1086; x_wconf 88' lang='lat' dir='ltr'><strong>inter</strong></span> <span class='ocrx_word' id='word_1_47' title='bbox 1718 1013 2050 1088; x_wconf 80' lang='lat' dir='ltr'><strong>Doricae</strong></span> <span class='ocrx_word' id='word_1_48' title='bbox 2115 1010 2655 1114; x_wconf 81' lang='lat' dir='ltr'><strong>philosophiae</strong></span> <span class='ocrx_word' id='word_1_49' title='bbox 2724 1026 3077 1088; x_wconf 84' lang='lat' dir='ltr'><strong>auctores</strong></span> <span class='ocrx_word' id='word_1_50' title='bbox 3130 1011 3354 1108; x_wconf 82' lang='lat' dir='ltr'><strong>longe</strong></span> <span class='ocrx_word' id='word_1_51' title='bbox 3408 1011 3743 1111; x_wconf 84' lang='lat' dir='ltr'><strong>primum</strong></span> <span class='ocrx_word' id='word_1_52' title='bbox 3808 1019 4025 1083; x_wconf 89' lang='lat' dir='ltr'><strong>tenet</strong></span> <span class='ocrx_word' id='word_1_53' title='bbox 4089 1009 4345 1084; x_wconf 88' lang='lat' dir='ltr'><strong>locum</strong></span> 
     </span>
     <span class='ocr_line' id='line_1_7' title="bbox 534 1140 4344 1246; baseline 0 -30"><span class='ocrx_word' id='word_1_54' title='bbox 534 1227 541 1234; x_wconf 46' lang='grc'><strong>,</strong></span> <span class='ocrx_word' id='word_1_55' title='bbox 655 1142 1157 1240; x_wconf 89' lang='lat' dir='ltr'><strong>Pythagoras,</strong></span> <span class='ocrx_word' id='word_1_56' title='bbox 1208 1148 1419 1242; x_wconf 88' lang='lat' dir='ltr'><strong>cujus</strong></span> <span class='ocrx_word' id='word_1_57' title='bbox 1463 1147 1845 1220; x_wconf 89' lang='lat' dir='ltr'><strong>educandi</strong></span> <span class='ocrx_word' id='word_1_58' title='bbox 1894 1146 2511 1246; x_wconf 82' lang='lat' dir='ltr'><strong>instituendique</strong></span> <span class='ocrx_word' id='word_1_59' title='bbox 2555 1140 2862 1222; x_wconf 86' lang='lat' dir='ltr'><strong>ratione&#39;</strong></span> <span class='ocrx_word' id='word_1_60' title='bbox 2887 1149 3050 1245; x_wconf 84' lang='lat' dir='ltr'><strong>jam</strong></span> <span class='ocrx_word' id='word_1_61' title='bbox 3090 1144 3593 1246; x_wconf 84' lang='lat' dir='ltr'><strong>explananda</strong></span> <span class='ocrx_word' id='word_1_62' title='bbox 3633 1165 3726 1218; x_wconf 91' lang='lat' dir='ltr'><strong>eo</strong></span> <span class='ocrx_word' id='word_1_63' title='bbox 3760 1143 4017 1216; x_wconf 88' lang='lat' dir='ltr'><strong>minus</strong></span> <span class='ocrx_word' id='word_1_64' title='bbox 4074 1163 4344 1241; x_wconf 88' lang='lat' dir='ltr'><strong>super-</strong></span> 
     </span>
     <span class='ocr_line' id='line_1_8' title="bbox 656 1273 4341 1378; baseline -0.001 -29"><span class='ocrx_word' id='word_1_65' title='bbox 656 1277 927 1350; x_wconf 88' lang='lat' dir='ltr'><strong>sedere</strong></span> <span class='ocrx_word' id='word_1_66' title='bbox 963 1299 1400 1377; x_wconf 90' lang='lat' dir='ltr'><strong>possumus,</strong></span> <span class='ocrx_word' id='word_1_67' title='bbox 1453 1277 1660 1376; x_wconf 88' lang='lat' dir='ltr'><strong>quod</strong></span> <span class='ocrx_word' id='word_1_68' title='bbox 1690 1279 2073 1371; x_wconf 87' lang='lat' dir='ltr'><strong>omnibus,</strong></span> <span class='ocrx_word' id='word_1_69' title='bbox 2127 1281 2259 1378; x_wconf 91' lang='lat' dir='ltr'><strong>qui</strong></span> <span class='ocrx_word' id='word_1_70' title='bbox 2297 1281 2393 1355; x_wconf 94' lang='lat' dir='ltr'><strong>de</strong></span> <span class='ocrx_word' id='word_1_71' title='bbox 2426 1279 2709 1356; x_wconf 88' lang='lat' dir='ltr'><strong>scholis</strong></span> <span class='ocrx_word' id='word_1_72' title='bbox 2744 1279 3176 1377; x_wconf 87' lang='lat' dir='ltr'><strong>cogitando,</strong></span> <span class='ocrx_word' id='word_1_73' title='bbox 3228 1276 3661 1365; x_wconf 88' lang='lat' dir='ltr'><strong>scribendo,</strong></span> <span class='ocrx_word' id='word_1_74' title='bbox 3711 1273 4009 1370; x_wconf 87' lang='lat' dir='ltr'><strong>agendo</strong></span> <span class='ocrx_word' id='word_1_75' title='bbox 4045 1277 4341 1373; x_wconf 88' lang='lat' dir='ltr'><strong>optime</strong></span> 
     </span>
     <span class='ocr_line' id='line_1_9' title="bbox 658 1406 4342 1519; baseline 0 -38"><span class='ocrx_word' id='word_1_76' title='bbox 658 1422 841 1482; x_wconf 86' lang='lat' dir='ltr'><strong>sunt</strong></span> <span class='ocrx_word' id='word_1_77' title='bbox 888 1411 1189 1501; x_wconf 90' lang='lat' dir='ltr'><strong>meriti,</strong></span> <span class='ocrx_word' id='word_1_78' title='bbox 1238 1410 1487 1484; x_wconf 86' lang='lat' dir='ltr'><strong>facem</strong></span> <span class='ocrx_word' id='word_1_79' title='bbox 1531 1413 1935 1519; x_wconf 83' lang='lat' dir='ltr'><strong>praetulit,</strong></span> <span class='ocrx_word' id='word_1_80' title='bbox 1991 1412 2387 1511; x_wconf 90' lang='lat' dir='ltr'><strong>quodque,</strong></span> <span class='ocrx_word' id='word_1_81' title='bbox 2442 1436 2674 1511; x_wconf 91' lang='lat' dir='ltr'><strong>quum</strong></span> <span class='ocrx_word' id='word_1_82' title='bbox 2727 1415 2826 1487; x_wconf 87' lang='lat' dir='ltr'><strong>iis</strong></span> <span class='ocrx_word' id='word_1_83' title='bbox 2870 1412 3386 1511; x_wconf 83' lang='lat' dir='ltr'><strong>temporibus,</strong></span> <span class='ocrx_word' id='word_1_84' title='bbox 3441 1409 3719 1507; x_wconf 88' lang='lat' dir='ltr'><strong>quibus</strong></span> <span class='ocrx_word' id='word_1_85' title='bbox 3766 1430 4026 1481; x_wconf 92' lang='lat' dir='ltr'><strong>rerum</strong></span> <span class='ocrx_word' id='word_1_86' title='bbox 4073 1406 4342 1481; x_wconf 87' lang='lat' dir='ltr'><strong>huma-</strong></span> 
     </span>
     <span class='ocr_line' id='line_1_10' title="bbox 658 1524 4344 1644; baseline -0.001 -30"><span class='ocrx_word' id='word_1_87' title='bbox 658 1563 933 1616; x_wconf 90' lang='lat' dir='ltr'><strong>narum</strong></span> <span class='ocrx_word' id='word_1_88' title='bbox 986 1543 1581 1641; x_wconf 89' lang='lat' dir='ltr'><strong>divinarumque</strong></span> <span class='ocrx_word' id='word_1_89' title='bbox 1632 1545 1969 1618; x_wconf 89' lang='lat' dir='ltr'><strong>studium</strong></span> <span class='ocrx_word' id='word_1_90' title='bbox 2020 1544 2228 1618; x_wconf 91' lang='lat' dir='ltr'><strong>haud</strong></span> <span class='ocrx_word' id='word_1_91' title='bbox 2285 1546 2397 1618; x_wconf 90' lang='lat' dir='ltr'><strong>ita</strong></span> <span class='ocrx_word' id='word_1_92' title='bbox 2446 1567 2722 1640; x_wconf 87' lang='lat' dir='ltr'><strong>magna</strong></span> <span class='ocrx_word' id='word_1_93' title='bbox 2782 1556 3095 1644; x_wconf 83' lang='lat' dir='ltr'><strong>ceperat</strong></span> <span class='ocrx_word' id='word_1_94' title='bbox 3145 1544 3647 1634; x_wconf 87' lang='lat' dir='ltr'><strong>incrementa,</strong></span> <span class='ocrx_word' id='word_1_95' title='bbox 3701 1524 4034 1638; x_wconf 82' lang='lat' dir='ltr'><strong>juvenes</strong></span> <span class='ocrx_word' id='word_1_96' title='bbox 4085 1539 4344 1613; x_wconf 90' lang='lat' dir='ltr'><strong>erudi-</strong></span> 
     </span>
     <span class='ocr_line' id='line_1_11' title="bbox 661 1672 4345 1774; baseline -0 -27"><span class='ocrx_word' id='word_1_97' title='bbox 661 1676 899 1767; x_wconf 87' lang='lat' dir='ltr'><strong>verit,</strong></span> <span class='ocrx_word' id='word_1_98' title='bbox 960 1675 1416 1749; x_wconf 88' lang='lat' dir='ltr'><strong>scholastica</strong></span> <span class='ocrx_word' id='word_1_99' title='bbox 1465 1678 1627 1774; x_wconf 89' lang='lat' dir='ltr'><strong>ejus</strong></span> <span class='ocrx_word' id='word_1_100' title='bbox 1680 1677 2042 1773; x_wconf 84' lang='lat' dir='ltr'><strong>dogmata</strong></span> <span class='ocrx_word' id='word_1_101' title='bbox 2090 1680 2202 1752; x_wconf 90' lang='lat' dir='ltr'><strong>ita</strong></span> <span class='ocrx_word' id='word_1_102' title='bbox 2242 1679 2581 1751; x_wconf 87' lang='lat' dir='ltr'><strong>tenebris</strong></span> <span class='ocrx_word' id='word_1_103' title='bbox 2628 1690 2809 1752; x_wconf 87' lang='lat' dir='ltr'><strong>sunt</strong></span> <span class='ocrx_word' id='word_1_104' title='bbox 2853 1678 3185 1751; x_wconf 90' lang='lat' dir='ltr'><strong>obducta</strong></span> <span class='ocrx_word' id='word_1_105' title='bbox 3224 1688 3312 1749; x_wconf 90' lang='lat' dir='ltr'><strong>ut</strong></span> <span class='ocrx_word' id='word_1_106' title='bbox 3364 1674 3549 1774; x_wconf 87' lang='lat' dir='ltr'><strong>quid</strong></span> <span class='ocrx_word' id='word_1_107' title='bbox 3577 1673 3752 1747; x_wconf 59' lang='lat' dir='ltr'><strong>«sibi</strong></span> <span class='ocrx_word' id='word_1_108' title='bbox 3806 1672 4145 1747; x_wconf 89' lang='lat' dir='ltr'><strong>voluerit</strong></span> <span class='ocrx_word' id='word_1_109' title='bbox 4193 1674 4345 1746; x_wconf 82' lang='lat' dir='ltr'><strong>vix</strong></span> 
     </span>
     <span class='ocr_line' id='line_1_12' title="bbox 658 1804 4344 1910; baseline 0 -32"><span class='ocrx_word' id='word_1_110' title='bbox 658 1808 1170 1902; x_wconf 78' lang='lat' dir='ltr'><strong>intelligeres,</strong></span> <span class='ocrx_word' id='word_1_111' title='bbox 1220 1831 1320 1882; x_wconf 91' lang='lat' dir='ltr'><strong>ne</strong></span> <span class='ocrx_word' id='word_1_112' title='bbox 1373 1809 1624 1883; x_wconf 91' lang='lat' dir='ltr'><strong>dicam</strong></span> <span class='ocrx_word' id='word_1_113' title='bbox 1677 1811 1905 1909; x_wconf 89' lang='lat' dir='ltr'><strong>plane</strong></span> <span class='ocrx_word' id='word_1_114' title='bbox 1960 1814 2333 1903; x_wconf 82' lang='lat' dir='ltr'><strong>nescires3</strong></span> <span class='ocrx_word' id='word_1_115' title='bbox 2405 1833 2587 1884; x_wconf 90' lang='lat' dir='ltr'><strong>nam</strong></span> <span class='ocrx_word' id='word_1_116' title='bbox 2654 1834 2805 1910; x_wconf 90' lang='lat' dir='ltr'><strong>quo</strong></span> <span class='ocrx_word' id='word_1_117' title='bbox 2859 1810 3306 1884; x_wconf 90' lang='lat' dir='ltr'><strong>obscuriora</strong></span> <span class='ocrx_word' id='word_1_118' title='bbox 3358 1819 3578 1897; x_wconf 90' lang='lat' dir='ltr'><strong>sunt,</strong></span> <span class='ocrx_word' id='word_1_119' title='bbox 3648 1828 3842 1906; x_wconf 89' lang='lat' dir='ltr'><strong>quae</strong></span> <span class='ocrx_word' id='word_1_120' title='bbox 3895 1804 4344 1905; x_wconf 83' lang='lat' dir='ltr'><strong>philosophi</strong></span> 
     </span>
     <span class='ocr_line' id='line_1_13' title="bbox 664 1936 4342 2041; baseline 0 -30"><span class='ocrx_word' id='word_1_121' title='bbox 664 1938 1125 2032; x_wconf 84' lang='lat' dir='ltr'><strong>docuerunt,</strong></span> <span class='ocrx_word' id='word_1_122' title='bbox 1182 1963 1274 2013; x_wconf 90' lang='lat' dir='ltr'><strong>eo</strong></span> <span class='ocrx_word' id='word_1_123' title='bbox 1340 1945 1628 2038; x_wconf 90' lang='lat' dir='ltr'><strong>majore</strong></span> <span class='ocrx_word' id='word_1_124' title='bbox 1688 1945 2190 2041; x_wconf 88' lang='lat' dir='ltr'><strong>impelluntur</strong></span> <span class='ocrx_word' id='word_1_125' title='bbox 2253 1945 2444 2018; x_wconf 92' lang='lat' dir='ltr'><strong>novi</strong></span> <span class='ocrx_word' id='word_1_126' title='bbox 2511 1945 2772 2017; x_wconf 89' lang='lat' dir='ltr'><strong>studio</strong></span> <span class='ocrx_word' id='word_1_127' title='bbox 2826 1943 3179 2017; x_wconf 91' lang='lat' dir='ltr'><strong>homines</strong></span> <span class='ocrx_word' id='word_1_128' title='bbox 3245 1964 3488 2039; x_wconf 91' lang='lat' dir='ltr'><strong>eoque</strong></span> <span class='ocrx_word' id='word_1_129' title='bbox 3536 1936 3845 2039; x_wconf 88' lang='lat' dir='ltr'><strong>saepius</strong></span> <span class='ocrx_word' id='word_1_130' title='bbox 3892 1939 4087 2012; x_wconf 85' lang='lat' dir='ltr'><strong>falsa</strong></span> <span class='ocrx_word' id='word_1_131' title='bbox 4137 1961 4342 2012; x_wconf 87' lang='lat' dir='ltr'><strong>com-</strong></span> 
     </span>
     <span class='ocr_line' id='line_1_14' title="bbox 661 2048 4346 2175; baseline 0.001 -33"><span class='ocrx_word' id='word_1_132' title='bbox 661 2048 1083 2146; x_wconf 82' lang='lat' dir='ltr'><strong>miscentur</strong></span> <span class='ocrx_word' id='word_1_133' title='bbox 1141 2076 1374 2148; x_wconf 88' lang='lat' dir='ltr'><strong>veris.</strong></span> <span class='ocrx_word' id='word_1_134' title='bbox 1490 2074 1649 2148; x_wconf 87' lang='lat' dir='ltr'><strong>Nec</strong></span> <span class='ocrx_word' id='word_1_135' title='bbox 1715 2076 2118 2173; x_wconf 90' lang='lat' dir='ltr'><strong>quisquam</strong></span> <span class='ocrx_word' id='word_1_136' title='bbox 2183 2077 2526 2175; x_wconf 91' lang='lat' dir='ltr'><strong>aequalis</strong></span> <span class='ocrx_word' id='word_1_137' title='bbox 2594 2075 3075 2171; x_wconf 87' lang='lat' dir='ltr'><strong>Pythagorae</strong></span> <span class='ocrx_word' id='word_1_138' title='bbox 3133 2076 3475 2173; x_wconf 84' lang='lat' dir='ltr'><strong>scriptor</strong></span> <span class='ocrx_word' id='word_1_139' title='bbox 3549 2083 3851 2163; x_wconf 80' lang='lat' dir='ltr'><strong>exstat,</strong></span> <span class='ocrx_word' id='word_1_140' title='bbox 3932 2094 4083 2169; x_wconf 90' lang='lat' dir='ltr'><strong>quo</strong></span> <span class='ocrx_word' id='word_1_141' title='bbox 4150 2072 4346 2145; x_wconf 87' lang='lat' dir='ltr'><strong>satis</strong></span> 
     </span>
     <span class='ocr_line' id='line_1_15' title="bbox 664 2203 4347 2307; baseline -0 -30"><span class='ocrx_word' id='word_1_142' title='bbox 664 2218 871 2277; x_wconf 91' lang='lat' dir='ltr'><strong>certo</strong></span> <span class='ocrx_word' id='word_1_143' title='bbox 935 2217 1181 2278; x_wconf 88' lang='lat' dir='ltr'><strong>stetur</strong></span> <span class='ocrx_word' id='word_1_144' title='bbox 1256 2220 1591 2279; x_wconf 89' lang='lat' dir='ltr'><strong>auctore.</strong></span> <span class='ocrx_word' id='word_1_145' title='bbox 1647 2249 1749 2263; x_wconf 90' lang='lat'><em>-</em></span> <span class='ocrx_word' id='word_1_146' title='bbox 1807 2206 2100 2297; x_wconf 80' lang='lat' dir='ltr'><strong>Quodsi</strong></span> <span class='ocrx_word' id='word_1_147' title='bbox 2168 2232 2344 2304; x_wconf 91' lang='lat' dir='ltr'><strong>ego,</strong></span> <span class='ocrx_word' id='word_1_148' title='bbox 2423 2211 2555 2307; x_wconf 88' lang='lat' dir='ltr'><strong>qui</strong></span> <span class='ocrx_word' id='word_1_149' title='bbox 2620 2208 3008 2281; x_wconf 84' lang='lat' dir='ltr'><strong>afferendo</strong></span> <span class='ocrx_word' id='word_1_150' title='bbox 3072 2209 3315 2282; x_wconf 90' lang='lat' dir='ltr'><strong>lucem</strong></span> <span class='ocrx_word' id='word_1_151' title='bbox 3383 2206 3751 2279; x_wconf 85' lang='lat' dir='ltr'><strong>historiae</strong></span> <span class='ocrx_word' id='word_1_152' title='bbox 3804 2203 4347 2303; x_wconf 77' lang='lat' dir='ltr'><strong>philosophiae</strong></span> 
     </span>
     <span class='ocr_line' id='line_1_16' title="bbox 664 2335 4348 2437; baseline 0.001 -30"><span class='ocrx_word' id='word_1_153' title='bbox 664 2338 914 2436; x_wconf 89' lang='lat' dir='ltr'><strong>impar</strong></span> <span class='ocrx_word' id='word_1_154' title='bbox 983 2338 1133 2410; x_wconf 87' lang='lat' dir='ltr'><strong>sim</strong></span> <span class='ocrx_word' id='word_1_155' title='bbox 1190 2363 1338 2437; x_wconf 22' lang='lat' dir='ltr'><strong>rpro</strong></span> <span class='ocrx_word' id='word_1_156' title='bbox 1394 2341 1770 2413; x_wconf 88' lang='lat' dir='ltr'><strong>tenuitate</strong></span> <span class='ocrx_word' id='word_1_157' title='bbox 1833 2364 2044 2433; x_wconf 90' lang='lat' dir='ltr'><strong>mea,</strong></span> <span class='ocrx_word' id='word_1_158' title='bbox 2120 2340 2601 2437; x_wconf 85' lang='lat' dir='ltr'><strong>Pythagorae</strong></span> <span class='ocrx_word' id='word_1_159' title='bbox 2653 2342 3188 2416; x_wconf 87' lang='lat' dir='ltr'><strong>educationem</strong></span> <span class='ocrx_word' id='word_1_160' title='bbox 3240 2338 3432 2413; x_wconf 90' lang='lat' dir='ltr'><strong>mihi</strong></span> <span class='ocrx_word' id='word_1_161' title='bbox 3484 2338 3680 2434; x_wconf 91' lang='lat' dir='ltr'><strong>eligo</strong></span> <span class='ocrx_word' id='word_1_162' title='bbox 3733 2335 4348 2426; x_wconf 89' lang='lat' dir='ltr'><strong>describendam,</strong></span> 
     </span>
     <span class='ocr_line' id='line_1_17' title="bbox 667 2473 4349 2572; baseline 0 -31"><span class='ocrx_word' id='word_1_163' title='bbox 667 2492 761 2541; x_wconf 89' lang='lat' dir='ltr'><strong>ne</strong></span> <span class='ocrx_word' id='word_1_164' title='bbox 830 2474 1315 2565; x_wconf 88' lang='lat' dir='ltr'><strong>arrogantiae</strong></span> <span class='ocrx_word' id='word_1_165' title='bbox 1383 2495 1506 2545; x_wconf 90' lang='lat' dir='ltr'><strong>me</strong></span> <span class='ocrx_word' id='word_1_166' title='bbox 1569 2486 1927 2547; x_wconf 86' lang='lat' dir='ltr'><strong>accusent</strong></span> <span class='ocrx_word' id='word_1_167' title='bbox 1991 2496 2192 2548; x_wconf 86' lang='lat' dir='ltr'><strong>neve</strong></span> <span class='ocrx_word' id='word_1_168' title='bbox 2261 2473 2408 2548; x_wconf 88' lang='lat' dir='ltr'><strong>hoc</strong></span> <span class='ocrx_word' id='word_1_169' title='bbox 2474 2474 2645 2572; x_wconf 90' lang='lat' dir='ltr'><strong>ipso</strong></span> <span class='ocrx_word' id='word_1_170' title='bbox 2708 2486 3128 2570; x_wconf 86' lang='lat' dir='ltr'><strong>graventur</strong></span> <span class='ocrx_word' id='word_1_171' title='bbox 3184 2473 3584 2570; x_wconf 78' lang='lat' dir='ltr'><strong>conamine</strong></span> <span class='ocrx_word' id='word_1_172' title='bbox 3653 2493 3789 2543; x_wconf 90' lang='lat' dir='ltr'><strong>oro</strong></span> <span class='ocrx_word' id='word_1_173' title='bbox 3842 2480 4072 2567; x_wconf 83' lang='lat' dir='ltr'><strong>atque</strong></span> <span class='ocrx_word' id='word_1_174' title='bbox 4131 2491 4349 2563; x_wconf 87' lang='lat' dir='ltr'><strong>rogo,</strong></span> 
     </span>
     <span class='ocr_line' id='line_1_18' title="bbox 665 2603 4348 2709; baseline 0 -35"><span class='ocrx_word' id='word_1_175' title='bbox 665 2625 884 2693; x_wconf 89' lang='lat' dir='ltr'><strong>nam,</strong></span> <span class='ocrx_word' id='word_1_176' title='bbox 939 2626 1398 2708; x_wconf 90' lang='lat' dir='ltr'><strong>quamquam</strong></span> <span class='ocrx_word' id='word_1_177' title='bbox 1448 2605 1550 2677; x_wconf 93' lang='lat' dir='ltr'><strong>ab</strong></span> <span class='ocrx_word' id='word_1_178' title='bbox 1604 2618 1879 2680; x_wconf 90' lang='lat' dir='ltr'><strong>octavo</strong></span> <span class='ocrx_word' id='word_1_179' title='bbox 1931 2606 2105 2704; x_wconf 90' lang='lat' dir='ltr'><strong>ipso</strong></span> <span class='ocrx_word' id='word_1_180' title='bbox 2158 2606 2438 2680; x_wconf 88' lang='lat' dir='ltr'><strong>abhinc</strong></span> <span class='ocrx_word' id='word_1_181' title='bbox 2488 2624 2693 2679; x_wconf 83' lang='lat' dir='ltr'><strong>anno</strong></span> <span class='ocrx_word' id='word_1_182' title='bbox 2747 2605 3018 2680; x_wconf 84' lang='lat' dir='ltr'><strong>haecce</strong></span> <span class='ocrx_word' id='word_1_183' title='bbox 3070 2606 3330 2709; x_wconf 84' lang='lat' dir='ltr'><strong>studia</strong></span> <span class='ocrx_word' id='word_1_184' title='bbox 3382 2627 3658 2700; x_wconf 91' lang='lat' dir='ltr'><strong>magno</strong></span> <span class='ocrx_word' id='word_1_185' title='bbox 3687 2603 4121 2700; x_wconf 70' lang='lat' dir='ltr'><strong>&#39;amplexus</strong></span> <span class='ocrx_word' id='word_1_186' title='bbox 4173 2624 4348 2675; x_wconf 90' lang='lat' dir='ltr'><strong>sum</strong></span> 
     </span>
     <span class='ocr_line' id='line_1_19' title="bbox 666 2736 4347 2839; baseline -0 -31"><span class='ocrx_word' id='word_1_187' title='bbox 666 2757 926 2810; x_wconf 84' lang='lat' dir='ltr'><strong>amore</strong></span> <span class='ocrx_word' id='word_1_188' title='bbox 983 2749 1061 2810; x_wconf 89' lang='lat' dir='ltr'><strong>et</strong></span> <span class='ocrx_word' id='word_1_189' title='bbox 1113 2737 1578 2830; x_wconf 89' lang='lat' dir='ltr'><strong>doctissimi,</strong></span> <span class='ocrx_word' id='word_1_190' title='bbox 1646 2741 1778 2838; x_wconf 90' lang='lat' dir='ltr'><strong>qui</strong></span> <span class='ocrx_word' id='word_1_191' title='bbox 1829 2738 2061 2813; x_wconf 90' lang='lat' dir='ltr'><strong>hodie</strong></span> <span class='ocrx_word' id='word_1_192' title='bbox 2113 2740 2666 2836; x_wconf 88' lang='lat' dir='ltr'><strong>Pythagoricae</strong></span> <span class='ocrx_word' id='word_1_193' title='bbox 2730 2739 3270 2839; x_wconf 87' lang='lat' dir='ltr'><strong>philosophiae</strong></span> <span class='ocrx_word' id='word_1_194' title='bbox 3339 2739 3751 2835; x_wconf 86' lang='lat' dir='ltr'><strong>scriptores</strong></span> <span class='ocrx_word' id='word_1_195' title='bbox 3815 2736 4082 2818; x_wconf 78' lang='lat' dir='ltr'><strong>exorsi</strong></span> <span class='ocrx_word' id='word_1_196' title='bbox 4138 2748 4347 2824; x_wconf 86' lang='lat' dir='ltr'><strong>sunt,</strong></span> 
     </span>
     <span class='ocr_line' id='line_1_20' title="bbox 667 2847 4350 2971; baseline 0 -32"><span class='ocrx_word' id='word_1_197' title='bbox 667 2879 752 2940; x_wconf 89' lang='lat' dir='ltr'><strong>ut</strong></span> <span class='ocrx_word' id='word_1_198' title='bbox 801 2853 1256 2960; x_wconf 83' lang='lat' dir='ltr'><strong>Boeckhius,</strong></span> <span class='ocrx_word' id='word_1_199' title='bbox 1306 2873 1640 2945; x_wconf 87' lang='lat' dir='ltr'><strong>Ritterus</strong></span> <span class='ocrx_word' id='word_1_200' title='bbox 1694 2874 1979 2970; x_wconf 90' lang='lat' dir='ltr'><strong>aliique</strong></span> <span class='ocrx_word' id='word_1_201' title='bbox 2030 2847 2222 2947; x_wconf 83' lang='lat' dir='ltr'><strong>mihi</strong></span> <span class='ocrx_word' id='word_1_202' title='bbox 2262 2875 2474 2948; x_wconf 85' lang='lat' dir='ltr'><strong>viam</strong></span> <span class='ocrx_word' id='word_1_203' title='bbox 2526 2885 3157 2947; x_wconf 86' lang='lat' dir='ltr'><strong>monstraverunt</strong></span> <span class='ocrx_word' id='word_1_204' title='bbox 3192 2872 3681 2971; x_wconf 79' lang='lat' dir='ltr'><strong>saepissime,</strong></span> <span class='ocrx_word' id='word_1_205' title='bbox 3736 2883 3997 2942; x_wconf 89' lang='lat' dir='ltr'><strong>tamen</strong></span> <span class='ocrx_word' id='word_1_206' title='bbox 4044 2880 4350 2941; x_wconf 91' lang='lat' dir='ltr'><strong>tantum</strong></span> 
     </span>
     <span class='ocr_line' id='line_1_21' title="bbox 667 2998 4347 3110; baseline 0.001 -39"><span class='ocrx_word' id='word_1_207' title='bbox 667 3001 887 3073; x_wconf 90' lang='lat' dir='ltr'><strong>abest</strong></span> <span class='ocrx_word' id='word_1_208' title='bbox 936 3014 1022 3073; x_wconf 92' lang='lat' dir='ltr'><strong>ut</strong></span> <span class='ocrx_word' id='word_1_209' title='bbox 1069 3025 1241 3076; x_wconf 91' lang='lat' dir='ltr'><strong>mea</strong></span> <span class='ocrx_word' id='word_1_210' title='bbox 1295 3006 1801 3103; x_wconf 84' lang='lat' dir='ltr'><strong>qualicunque</strong></span> <span class='ocrx_word' id='word_1_211' title='bbox 1855 3027 2090 3104; x_wconf 91' lang='lat' dir='ltr'><strong>opera</strong></span> <span class='ocrx_word' id='word_1_212' title='bbox 2140 3029 2304 3078; x_wconf 92' lang='lat' dir='ltr'><strong>rem</strong></span> <span class='ocrx_word' id='word_1_213' title='bbox 2346 3005 2458 3077; x_wconf 89' lang='lat' dir='ltr'><strong>ita</strong></span> <span class='ocrx_word' id='word_1_214' title='bbox 2508 3004 2889 3110; x_wconf 76' lang='lat' dir='ltr'><strong>difficilem</strong></span> <span class='ocrx_word' id='word_1_215' title='bbox 2945 3004 3044 3078; x_wconf 91' lang='lat' dir='ltr'><strong>ab</strong></span> <span class='ocrx_word' id='word_1_216' title='bbox 3096 3005 3307 3078; x_wconf 91' lang='lat' dir='ltr'><strong>omni</strong></span> <span class='ocrx_word' id='word_1_217' title='bbox 3358 3016 3580 3102; x_wconf 91' lang='lat' dir='ltr'><strong>parte</strong></span> <span class='ocrx_word' id='word_1_218' title='bbox 3629 2998 3753 3075; x_wconf 79' lang='lat' dir='ltr'><strong>me</strong></span> <span class='ocrx_word' id='word_1_219' title='bbox 3800 3023 3969 3074; x_wconf 90' lang='lat' dir='ltr'><strong>esse</strong></span> <span class='ocrx_word' id='word_1_220' title='bbox 4021 2998 4347 3098; x_wconf 86' lang='lat' dir='ltr'><strong>expedi-</strong></span> 
     </span>
     <span class='ocr_line' id='line_1_22' title="bbox 670 3121 4348 3236; baseline 0 -32"><span class='ocrx_word' id='word_1_221' title='bbox 670 3145 927 3206; x_wconf 89' lang='lat' dir='ltr'><strong>turum</strong></span> <span class='ocrx_word' id='word_1_222' title='bbox 979 3121 1323 3232; x_wconf 78' lang='lat' dir='ltr'><strong>sperem,</strong></span> <span class='ocrx_word' id='word_1_223' title='bbox 1392 3149 1478 3210; x_wconf 90' lang='lat' dir='ltr'><strong>ut</strong></span> <span class='ocrx_word' id='word_1_224' title='bbox 1526 3161 1778 3236; x_wconf 88' lang='lat' dir='ltr'><strong>neque</strong></span> <span class='ocrx_word' id='word_1_225' title='bbox 1826 3139 2000 3211; x_wconf 85' lang='lat' dir='ltr'><strong>aliis</strong></span> <span class='ocrx_word' id='word_1_226' title='bbox 2056 3160 2303 3235; x_wconf 90' lang='lat' dir='ltr'><strong>neque</strong></span> <span class='ocrx_word' id='word_1_227' title='bbox 2356 3135 2548 3210; x_wconf 90' lang='lat' dir='ltr'><strong>mihi</strong></span> <span class='ocrx_word' id='word_1_228' title='bbox 2598 3138 3058 3211; x_wconf 85' lang='lat' dir='ltr'><strong>satisfecisse</strong></span> <span class='ocrx_word' id='word_1_229' title='bbox 3113 3137 3422 3226; x_wconf 85' lang='lat' dir='ltr'><strong>videar,</strong></span> <span class='ocrx_word' id='word_1_230' title='bbox 3474 3157 3874 3232; x_wconf 89' lang='lat' dir='ltr'><strong>meamque</strong></span> <span class='ocrx_word' id='word_1_231' title='bbox 3918 3133 4348 3220; x_wconf 90' lang='lat' dir='ltr'><strong>audaciam,</strong></span> 
     </span>
     <span class='ocr_line' id='line_1_23' title="bbox 670 3257 4350 3366; baseline -0 -28"><span class='ocrx_word' id='word_1_232' title='bbox 670 3288 820 3362; x_wconf 87' lang='lat' dir='ltr'><strong>qua</strong></span> <span class='ocrx_word' id='word_1_233' title='bbox 883 3289 1045 3340; x_wconf 90' lang='lat' dir='ltr'><strong>rem</strong></span> <span class='ocrx_word' id='word_1_234' title='bbox 1113 3268 1432 3342; x_wconf 82' lang='lat' dir='ltr'><strong>arduam</strong></span> <span class='ocrx_word' id='word_1_235' title='bbox 1492 3292 1890 3366; x_wconf 87' lang='lat' dir='ltr'><strong>aggressus</strong></span> <span class='ocrx_word' id='word_1_236' title='bbox 1959 3292 2166 3362; x_wconf 89' lang='lat' dir='ltr'><strong>sum,</strong></span> <span class='ocrx_word' id='word_1_237' title='bbox 2244 3280 2330 3341; x_wconf 90' lang='lat' dir='ltr'><strong>ut</strong></span> <span class='ocrx_word' id='word_1_238' title='bbox 2403 3270 2593 3342; x_wconf 87' lang='lat' dir='ltr'><strong>mihi</strong></span> <span class='ocrx_word' id='word_1_239' title='bbox 2668 3272 3063 3366; x_wconf 88' lang='lat' dir='ltr'><strong>ignoscere</strong></span> <span class='ocrx_word' id='word_1_240' title='bbox 3134 3271 3421 3358; x_wconf 88' lang='lat' dir='ltr'><strong>velint,</strong></span> <span class='ocrx_word' id='word_1_241' title='bbox 3501 3290 3549 3342; x_wconf 90' lang='lat' dir='ltr'><strong>a</strong></span> <span class='ocrx_word' id='word_1_242' title='bbox 3615 3265 3808 3342; x_wconf 88' lang='lat' dir='ltr'><strong>viris</strong></span> <span class='ocrx_word' id='word_1_243' title='bbox 3861 3257 4350 3340; x_wconf 71' lang='lat' dir='ltr'><strong>&#39;doctissimis</strong></span> 
     </span>
     <span class='ocr_line' id='line_1_24' title="bbox 614 3396 2797 3506; baseline 0.003 -36"><span class='ocrx_word' id='word_1_244' title='bbox 614 3499 623 3500; x_wconf 12' lang='lat' dir='ltr'><strong><em>f</em></strong></span> <span class='ocrx_word' id='word_1_245' title='bbox 671 3396 1093 3497; x_wconf 88' lang='lat' dir='ltr'><strong>harumque</strong></span> <span class='ocrx_word' id='word_1_246' title='bbox 1145 3424 1401 3473; x_wconf 88' lang='lat' dir='ltr'><strong>rerum</strong></span> <span class='ocrx_word' id='word_1_247' title='bbox 1452 3404 1946 3501; x_wconf 88' lang='lat' dir='ltr'><strong>peritissimis</strong></span> <span class='ocrx_word' id='word_1_248' title='bbox 1999 3416 2257 3502; x_wconf 89' lang='lat' dir='ltr'><strong>petam</strong></span> <span class='ocrx_word' id='word_1_249' title='bbox 2310 3425 2797 3506; x_wconf 88' lang='lat' dir='ltr'><strong>magnopere.</strong></span> 
     </span>
    </p>
   </div>
   <div class='ocr_carea' id='block_1_4' title="bbox 640 3554 4354 4724">
    <p class='ocr_par' dir='ltr' id='par_1_4' title="bbox 640 3554 4354 4724">
     <span class='ocr_line' id='line_1_25' title="bbox 976 3554 4350 3659; baseline -0 -31"><span class='ocrx_word' id='word_1_250' title='bbox 976 3556 1080 3628; x_wconf 85' lang='lat' dir='ltr'><strong>At</strong></span> <span class='ocrx_word' id='word_1_251' title='bbox 1132 3556 1336 3630; x_wconf 90' lang='lat' dir='ltr'><strong>dicat</strong></span> <span class='ocrx_word' id='word_1_252' title='bbox 1387 3560 1694 3656; x_wconf 86' lang='lat' dir='ltr'><strong>aliquis,</strong></span> <span class='ocrx_word' id='word_1_253' title='bbox 1747 3560 2160 3633; x_wconf 89' lang='lat' dir='ltr'><strong>discrimen</strong></span> <span class='ocrx_word' id='word_1_254' title='bbox 2216 3560 2424 3659; x_wconf 91' lang='lat' dir='ltr'><strong>quod</strong></span> <span class='ocrx_word' id='word_1_255' title='bbox 2474 3562 2681 3633; x_wconf 91' lang='lat' dir='ltr'><strong>inter</strong></span> <span class='ocrx_word' id='word_1_256' title='bbox 2738 3559 3050 3636; x_wconf 89' lang='lat' dir='ltr'><strong>Jonicos</strong></span> <span class='ocrx_word' id='word_1_257' title='bbox 3114 3572 3192 3632; x_wconf 89' lang='lat' dir='ltr'><strong>et</strong></span> <span class='ocrx_word' id='word_1_258' title='bbox 3241 3558 3570 3633; x_wconf 88' lang='lat' dir='ltr'><strong>Doricos</strong></span> <span class='ocrx_word' id='word_1_259' title='bbox 3616 3556 3957 3631; x_wconf 87' lang='lat' dir='ltr'><strong>statuisti</strong></span> <span class='ocrx_word' id='word_1_260' title='bbox 4010 3554 4350 3654; x_wconf 87' lang='lat' dir='ltr'><strong>philoso—</strong></span> 
     </span>
     <span class='ocr_line' id='line_1_26' title="bbox 662 3685 4352 3791; baseline -0.002 -25"><span class='ocrx_word' id='word_1_261' title='bbox 662 3685 904 3787; x_wconf 78' lang='lat' dir='ltr'><strong>phos,</strong></span> <span class='ocrx_word' id='word_1_262' title='bbox 964 3711 1264 3786; x_wconf 90' lang='lat' dir='ltr'><strong>quoque</strong></span> <span class='ocrx_word' id='word_1_263' title='bbox 1315 3691 1472 3763; x_wconf 90' lang='lat' dir='ltr'><strong>illis</strong></span> <span class='ocrx_word' id='word_1_264' title='bbox 1525 3692 1887 3791; x_wconf 89' lang='lat' dir='ltr'><strong>physica,</strong></span> <span class='ocrx_word' id='word_1_265' title='bbox 1940 3693 2061 3766; x_wconf 90' lang='lat' dir='ltr'><strong>his</strong></span> <span class='ocrx_word' id='word_1_266' title='bbox 2114 3694 2359 3789; x_wconf 91' lang='lat' dir='ltr'><strong>logica</strong></span> <span class='ocrx_word' id='word_1_267' title='bbox 2399 3706 2635 3791; x_wconf 90' lang='lat' dir='ltr'><strong>atque</strong></span> <span class='ocrx_word' id='word_1_268' title='bbox 2687 3693 2979 3785; x_wconf 86' lang='lat' dir='ltr'><strong>ethica,</strong></span> <span class='ocrx_word' id='word_1_269' title='bbox 3031 3715 3226 3790; x_wconf 89' lang='lat' dir='ltr'><strong>quae</strong></span> <span class='ocrx_word' id='word_1_270' title='bbox 3278 3692 3583 3781; x_wconf 87' lang='lat' dir='ltr'><strong>dicunt,</strong></span> <span class='ocrx_word' id='word_1_271' title='bbox 3638 3690 3981 3786; x_wconf 86' lang='lat' dir='ltr'><strong>tribuisti</strong></span> <span class='ocrx_word' id='word_1_272' title='bbox 4031 3710 4352 3789; x_wconf 87' lang='lat' dir='ltr'><strong>prorsus</strong></span> 
     </span>
     <span class='ocr_line' id='line_1_27' title="bbox 640 3821 4353 3925; baseline -0 -33"><span class='ocrx_word' id='word_1_273' title='bbox 640 3821 966 3893; x_wconf 83' lang='lat' dir='ltr'><strong>‘nullum</strong></span> <span class='ocrx_word' id='word_1_274' title='bbox 1026 3834 1166 3895; x_wconf 87' lang='lat' dir='ltr'><strong>est.</strong></span> <span class='ocrx_word' id='word_1_275' title='bbox 1268 3823 1544 3898; x_wconf 90' lang='lat' dir='ltr'><strong>Nonne</strong></span> <span class='ocrx_word' id='word_1_276' title='bbox 1612 3824 2089 3922; x_wconf 88' lang='lat' dir='ltr'><strong>Pythagoras</strong></span> <span class='ocrx_word' id='word_1_277' title='bbox 2155 3829 2467 3924; x_wconf 89' lang='lat' dir='ltr'><strong>ejusque</strong></span> <span class='ocrx_word' id='word_1_278' title='bbox 2532 3825 2934 3925; x_wconf 89' lang='lat' dir='ltr'><strong>discipuli,</strong></span> <span class='ocrx_word' id='word_1_279' title='bbox 2995 3837 3082 3897; x_wconf 93' lang='lat' dir='ltr'><strong>ut</strong></span> <span class='ocrx_word' id='word_1_280' title='bbox 3128 3824 3553 3914; x_wconf 75' lang='lat' dir='ltr'><strong>PhilolauS,</strong></span> <span class='ocrx_word' id='word_1_281' title='bbox 3616 3825 3747 3922; x_wconf 91' lang='lat' dir='ltr'><strong>qui</strong></span> <span class='ocrx_word' id='word_1_282' title='bbox 3798 3823 4092 3922; x_wconf 90' lang='lat' dir='ltr'><strong>primus</strong></span> <span class='ocrx_word' id='word_1_283' title='bbox 4143 3823 4353 3893; x_wconf 88' lang='lat' dir='ltr'><strong>inter</strong></span> 
     </span>
     <span class='ocr_line' id='line_1_28' title="bbox 674 3953 4354 4056; baseline 0 -30"><span class='ocrx_word' id='word_1_284' title='bbox 674 3953 1195 4049; x_wconf 87' lang='lat' dir='ltr'><strong>Pythagoreos</strong></span> <span class='ocrx_word' id='word_1_285' title='bbox 1281 3977 1466 4029; x_wconf 87' lang='lat' dir='ltr'><strong>suae</strong></span> <span class='ocrx_word' id='word_1_286' title='bbox 1548 3970 1799 4031; x_wconf 87' lang='lat' dir='ltr'><strong>sectae</strong></span> <span class='ocrx_word' id='word_1_287' title='bbox 1881 3959 2131 4032; x_wconf 88' lang='lat' dir='ltr'><strong>edidit</strong></span> <span class='ocrx_word' id='word_1_288' title='bbox 2221 3961 2510 4056; x_wconf 88' lang='lat' dir='ltr'><strong>scripta</strong></span> <span class='ocrx_word' id='word_1_289' title='bbox 2569 3958 2676 4056; x_wconf 83' lang='lat'><strong>²),</strong></span> <span class='ocrx_word' id='word_1_290' title='bbox 2767 3961 3202 4031; x_wconf 38' lang='lat' dir='ltr'><strong>*maximam</strong></span> <span class='ocrx_word' id='word_1_291' title='bbox 3280 3970 3582 4056; x_wconf 84' lang='lat' dir='ltr'><strong>partem</strong></span> <span class='ocrx_word' id='word_1_292' title='bbox 3657 3958 3740 4028; x_wconf 89' lang='lat' dir='ltr'><strong>in</strong></span> <span class='ocrx_word' id='word_1_293' title='bbox 3826 3954 4180 4030; x_wconf 83' lang='lat' dir='ltr'><strong>doctrina</strong></span> <span class='ocrx_word' id='word_1_294' title='bbox 4252 3953 4354 4027; x_wconf 88' lang='lat' dir='ltr'><strong>de</strong></span> 
     </span>
     <span class='ocr_line' id='line_1_29' title="bbox 651 4075 4354 4190; baseline 0 -32"><span class='ocrx_word' id='word_1_295' title='bbox 651 4110 930 4190; x_wconf 20' lang='lat' dir='ltr'><strong>,rerum</strong></span> <span class='ocrx_word' id='word_1_296' title='bbox 1003 4100 1282 4161; x_wconf 87' lang='lat' dir='ltr'><strong>natura</strong></span> <span class='ocrx_word' id='word_1_297' title='bbox 1361 4103 1544 4163; x_wconf 90' lang='lat' dir='ltr'><strong>sunt</strong></span> <span class='ocrx_word' id='word_1_298' title='bbox 1617 4075 1963 4165; x_wconf 62' lang='lat' dir='ltr'><strong>versati?</strong></span> <span class='ocrx_word' id='word_1_299' title='bbox 2037 4090 2333 4181; x_wconf 90' lang='lat' dir='ltr'><strong>Audio,</strong></span> <span class='ocrx_word' id='word_1_300' title='bbox 2393 4092 2599 4190; x_wconf 59' lang='lat' dir='ltr'><strong>‘quin</strong></span> <span class='ocrx_word' id='word_1_301' title='bbox 2659 4092 2818 4165; x_wconf 91' lang='lat' dir='ltr'><strong>imo</strong></span> <span class='ocrx_word' id='word_1_302' title='bbox 2880 4091 3127 4164; x_wconf 87' lang='lat' dir='ltr'><strong>fateor</strong></span> <span class='ocrx_word' id='word_1_303' title='bbox 3177 4090 3733 4186; x_wconf 82' lang='lat' dir='ltr'><strong>Pythagoram,</strong></span> <span class='ocrx_word' id='word_1_304' title='bbox 3816 4091 4027 4184; x_wconf 90' lang='lat' dir='ltr'><strong>cujus</strong></span> <span class='ocrx_word' id='word_1_305' title='bbox 4098 4088 4354 4187; x_wconf 87' lang='lat' dir='ltr'><strong>patria</strong></span> 
     </span>
     <span class='ocr_line' id='line_1_30' title="bbox 673 4220 4353 4334; baseline -0 -43"><span class='ocrx_word' id='word_1_306' title='bbox 673 4221 926 4293; x_wconf 87' lang='lat' dir='ltr'><strong>insula</strong></span> <span class='ocrx_word' id='word_1_307' title='bbox 957 4220 1251 4313; x_wconf 88' lang='lat' dir='ltr'><strong>Samos,</strong></span> <span class='ocrx_word' id='word_1_308' title='bbox 1302 4246 1578 4319; x_wconf 89' lang='lat' dir='ltr'><strong>genere</strong></span> <span class='ocrx_word' id='word_1_309' title='bbox 1631 4223 1906 4298; x_wconf 87' lang='lat' dir='ltr'><strong>Jonem</strong></span> <span class='ocrx_word' id='word_1_310' title='bbox 1957 4247 2152 4299; x_wconf 80' lang='lat' dir='ltr'><strong>esse.</strong></span> <span class='ocrx_word' id='word_1_311' title='bbox 2255 4222 2643 4313; x_wconf 80' lang='lat' dir='ltr'><strong>Quantum</strong></span> <span class='ocrx_word' id='word_1_312' title='bbox 2690 4247 2878 4299; x_wconf 85' lang='lat' dir='ltr'><strong>vero</strong></span> <span class='ocrx_word' id='word_1_313' title='bbox 2933 4224 3346 4297; x_wconf 79' lang='lat' dir='ltr'><strong>discrimen</strong></span> <span class='ocrx_word' id='word_1_314' title='bbox 3390 4222 4033 4334; x_wconf 88' lang='lat' dir='ltr'><strong>inter-physicam</strong></span> <span class='ocrx_word' id='word_1_315' title='bbox 4068 4222 4353 4292; x_wconf 88' lang='lat' dir='ltr'><strong>utrius-</strong></span> 
     </span>
     <span class='ocr_line' id='line_1_31' title="bbox 675 4345 4352 4456; baseline 0 -32"><span class='ocrx_word' id='word_1_316' title='bbox 675 4377 821 4450; x_wconf 86' lang='lat' dir='ltr'><strong>que</strong></span> <span class='ocrx_word' id='word_1_317' title='bbox 874 4365 1123 4426; x_wconf 80' lang='lat' dir='ltr'><strong>sectae</strong></span> <span class='ocrx_word' id='word_1_318' title='bbox 1187 4356 1711 4456; x_wconf 78' lang='lat' dir='ltr'><strong>disciplinam!</strong></span> <span class='ocrx_word' id='word_1_319' title='bbox 1809 4357 2044 4430; x_wconf 83' lang='lat' dir='ltr'><strong>Jones</strong></span> <span class='ocrx_word' id='word_1_320' title='bbox 2098 4358 2305 4431; x_wconf 90' lang='lat' dir='ltr'><strong>enim</strong></span> <span class='ocrx_word' id='word_1_321' title='bbox 2359 4363 2634 4431; x_wconf 78' lang='lat' dir='ltr'><strong>natura</strong></span> <span class='ocrx_word' id='word_1_322' title='bbox 2687 4361 3000 4455; x_wconf 88' lang='lat' dir='ltr'><strong>ejusque</strong></span> <span class='ocrx_word' id='word_1_323' title='bbox 3055 4358 3348 4453; x_wconf 87' lang='lat' dir='ltr'><strong>legibus</strong></span> <span class='ocrx_word' id='word_1_324' title='bbox 3404 4345 3829 4444; x_wconf 86' lang='lat' dir='ltr'><strong>ducuntur,</strong></span> <span class='ocrx_word' id='word_1_325' title='bbox 3882 4352 4352 4448; x_wconf 87' lang='lat' dir='ltr'><strong>Pythagorei</strong></span> 
     </span>
     <span class='ocr_line' id='line_1_32' title="bbox 670 4461 4354 4590; baseline -0 -33"><span class='ocrx_word' id='word_1_326' title='bbox 670 4461 927 4584; x_wconf 49' lang='lat' dir='ltr'><strong>ipsam⁸</strong></span> <span class='ocrx_word' id='word_1_327' title='bbox 973 4498 1326 4560; x_wconf 87' lang='lat' dir='ltr'><strong>naturam</strong></span> <span class='ocrx_word' id='word_1_328' title='bbox 1383 4491 1676 4586; x_wconf 90' lang='lat' dir='ltr'><strong>legibus</strong></span> <span class='ocrx_word' id='word_1_329' title='bbox 1730 4513 1837 4564; x_wconf 77' lang='lat' dir='ltr'><strong>ex</strong></span> <span class='ocrx_word' id='word_1_330' title='bbox 1891 4490 2430 4564; x_wconf 88' lang='lat' dir='ltr'><strong>mathematica</strong></span> <span class='ocrx_word' id='word_1_331' title='bbox 2483 4491 2930 4590; x_wconf 79' lang='lat' dir='ltr'><strong>depromtiS,</strong></span> <span class='ocrx_word' id='word_1_332' title='bbox 2984 4514 3171 4587; x_wconf 87' lang='lat' dir='ltr'><strong>quas</strong></span> <span class='ocrx_word' id='word_1_333' title='bbox 3223 4513 3465 4588; x_wconf 87' lang='lat' dir='ltr'><strong>aeque</strong></span> <span class='ocrx_word' id='word_1_334' title='bbox 3509 4503 3768 4562; x_wconf 90' lang='lat' dir='ltr'><strong>acutas</strong></span> <span class='ocrx_word' id='word_1_335' title='bbox 3801 4499 4030 4583; x_wconf 88' lang='lat' dir='ltr'><strong>atque</strong></span> <span class='ocrx_word' id='word_1_336' title='bbox 4084 4487 4354 4568; x_wconf 87' lang='lat' dir='ltr'><strong>obscu-</strong></span> 
     </span>
     <span class='ocr_line' id='line_1_33' title="bbox 672 4620 4349 4724; baseline 0 -34"><span class='ocrx_word' id='word_1_337' title='bbox 672 4643 797 4692; x_wconf 89' lang='lat' dir='ltr'><strong>ras</strong></span> <span class='ocrx_word' id='word_1_338' title='bbox 863 4627 1496 4717; x_wconf 85' lang='lat' dir='ltr'><strong>composuerunt,</strong></span> <span class='ocrx_word' id='word_1_339' title='bbox 1571 4625 1990 4722; x_wconf 88' lang='lat' dir='ltr'><strong>subjiciunt</strong></span> <span class='ocrx_word' id='word_1_340' title='bbox 2062 4625 2289 4724; x_wconf 91' lang='lat' dir='ltr'><strong>eique</strong></span> <span class='ocrx_word' id='word_1_341' title='bbox 2354 4639 2717 4699; x_wconf 87' lang='lat' dir='ltr'><strong>arcanum</strong></span> <span class='ocrx_word' id='word_1_342' title='bbox 2778 4624 3001 4696; x_wconf 88' lang='lat' dir='ltr'><strong>illum</strong></span> <span class='ocrx_word' id='word_1_343' title='bbox 3066 4635 3517 4698; x_wconf 90' lang='lat' dir='ltr'><strong>concentum</strong></span> <span class='ocrx_word' id='word_1_344' title='bbox 3577 4621 3851 4696; x_wconf 88' lang='lat' dir='ltr'><strong>divino</strong></span> <span class='ocrx_word' id='word_1_345' title='bbox 3918 4620 4159 4693; x_wconf 89' lang='lat' dir='ltr'><strong>animi</strong></span> <span class='ocrx_word' id='word_1_346' title='bbox 4227 4620 4349 4691; x_wconf 89' lang='lat' dir='ltr'><strong>sui</strong></span> 
     </span>
    </p>
   </div>
   <div class='ocr_carea' id='block_1_5' title="bbox 667 4776 1077 4791">
    <p class='ocr_par' dir='ltr' id='par_1_5' title="bbox 667 4776 1077 4791">
     <span class='ocr_line' id='line_1_34' title="bbox 667 4776 1077 4791; baseline 0 672"><span class='ocrx_word' id='word_1_347' title='bbox 667 4776 1077 4791; x_wconf 95' lang='lat' dir='ltr'><strong> </strong></span> 
     </span>
    </p>
   </div>
   <div class='ocr_carea' id='block_1_6' title="bbox 758 4801 3233 4933">
    <p class='ocr_par' dir='ltr' id='par_1_6' title="bbox 758 4801 3233 4933">
     <span class='ocr_line' id='line_1_35' title="bbox 758 4801 3233 4933; baseline -0 -20"><span class='ocrx_word' id='word_1_348' title='bbox 758 4851 810 4924; x_wconf 83' lang='lat'><strong>²)</strong></span> <span class='ocrx_word' id='word_1_349' title='bbox 852 4844 1098 4926; x_wconf 59' lang='grc' dir='ltr'><strong>ἕδουᾶοε</strong></span> <span class='ocrx_word' id='word_1_350' title='bbox 1161 4850 1455 4926; x_wconf 62' lang='lat' dir='ltr'><strong>⁵philolaus</strong></span> <span class='ocrx_word' id='word_1_351' title='bbox 1490 4857 1581 4917; x_wconf 68' lang='lat' dir='ltr'><strong>bec</strong></span> <span class='ocrx_word' id='word_1_352' title='bbox 1619 4801 2024 4933; x_wconf 56' lang='lat' dir='ltr'><strong>‘Dytbagctdete</strong></span> <span class='ocrx_word' id='word_1_353' title='bbox 2064 4851 2258 4930; x_wconf 61' lang='grc' dir='ltr'><strong>ἕψεαι</strong></span> <span class='ocrx_word' id='word_1_354' title='bbox 2298 4851 2385 4918; x_wconf 58' lang='grc' dir='ltr'><strong>ὣ.</strong></span> <span class='ocrx_word' id='word_1_355' title='bbox 2427 4865 2523 4930; x_wconf 71' lang='grc'><strong>29,</strong></span> <span class='ocrx_word' id='word_1_356' title='bbox 2561 4858 2634 4916; x_wconf 75' lang='grc'><strong>43</strong></span> <span class='ocrx_word' id='word_1_357' title='bbox 2671 4857 2785 4916; x_wconf 82' lang='lat' dir='ltr'><strong>nnb</strong></span> <span class='ocrx_word' id='word_1_358' title='bbox 2830 4857 2937 4917; x_wconf 82' lang='lat'><strong>184</strong></span> <span class='ocrx_word' id='word_1_359' title='bbox 2980 4872 3038 4916; x_wconf 78' lang='lat' dir='ltr'><strong>u.</strong></span> <span class='ocrx_word' id='word_1_360' title='bbox 3080 4856 3121 4919; x_wconf 71' lang='lat' dir='ltr'><strong>s.</strong></span> <span class='ocrx_word' id='word_1_361' title='bbox 3163 4870 3233 4916; x_wconf 76' lang='lat' dir='ltr'><strong>w.</strong></span> 
     </span>
    </p>
   </div>
  </div>
 </body>
</html>
