4537 5463
2441 234 2505 320 6

617 462 953 551 curavit,
1039 461 1136 534 de
1181 460 1608 561 Jamblicho
1683 483 1870 535 vero
1942 463 2167 535 varia
2222 465 2616 537 variorum
2679 475 2864 549 sunt
2906 460 3216 557 judicia.
3343 459 3722 557 Equidem
3775 482 3882 533 ex
3949 483 4155 551 mea,
4226 465 4298 535 si

529 590 535 595 ’
614 619 764 695 qua
816 607 967 684 est,
1012 596 1400 667 sententia
1448 616 1695 691 neque
1745 594 1831 667 in
1883 595 2550 692 quibusaliorum.
2601 595 2950 693 prodidit
3002 594 3382 690 dogmata,
3433 617 3627 691 quae
3678 593 3959 675 fabulis
4005 596 4296 697 saepis-

614 733 806 802 sime
868 727 1233 800 habemus
1286 727 1746 816 commixta,
1824 750 2089 826 neque*
2132 728 2217 801 in
2281 729 2557 826 quibus
2627 751 2801 801 suas
2855 729 3228 827 proponit
3273 728 3698 803 sententias
3713 778 3736 815 ‚
3799 728 3989 824 quid
4038 729 4295 825 gravi-

612 864 793 936 tatis
843 873 1072 958 atque
1125 860 1565 933 severitatis
1617 861 1844 952 insit,
1874 954 1881 957 .
1915 862 2185 936 videre
2236 883 2397 935 non
2446 883 2766 960 possum
2829 863 2923 960 ⁵).
3013 940 3017 944 ,
3095 940 3105 951 ,

917 1017 1046 1091 Ex
1111 1029 1482 1091 veterum¹
1529 1019 1919 1092 sententia
1972 1040 2142 1092 cum
2186 1020 2521 1094 ‘maximi
2583 1019 2893 1091 intersit
2955 1039 3147 1116 quos
3213 1017 3548 1091 habeant
3609 1028 3972 1115 parentes
4033 1016 4291 1107 liberi,

608 1152 1046 1248 generique,
1102 1172 1250 1248 quo
1302 1151 1387 1223 in
1426 1160 1799 1248 *paternae
1853 1153 2067 1251 vitae
2088 1152 2588 1229 deducuntur
2638 1150 3265 1241 similitudinem,
3316 1150 3578 1223 multo·
3607 1152 3853 1246 majus
3907 1150 4293 1227 tribuatur

608 1295 1083 1357 momentum
1154 1306 1387 1381 quam
1449 1284 1695 1357 libero
1761 1285 2239 1386 singulorum
2287 1285 2653 1374 arbitrio,
2723 1284 2929 1381 quod
2989 1283 3199 1382 apud
3248 1295 3557 1357 nestros
3607 1264 4028 1382 plurimum
4083 1284 4290 1359 valet

608 1418 996 1506 homines,
1061 1416 1615 1512 Pythagoram,
1685 1439 1839 1513 quo.
1904 1419 1987 1488 in
2038 1417 2288 1490 literis
2340 1418 2788 1514 artibusque
2838 1418 3093 1491 nullus
3145 1416 3581 1513 aequalium
3625 1415 3863 1487 fuerit
3911 1414 4291 1491 celebrior

607 1551 887 1647 quique
964 1572 1059 1622 eo
1142 1552 1441 1622 vixerit
1521 1560 1904 1646 tempore,
1977 1573 2128 1647 quo
2203 1572 2347 1648 pro
2411 1549 2721 1623 credula
2794 1549 3221 1647 priscorum
3297 1548 3697 1622 hominum
3759 1548 4286 1646 simplicitate,

603 1681 882 1755 fabulis
934 1675 1094 1752 non
1146 1702 1363 1753 suam
1417 1680 1999 1775 denegaverunt
2054 1680 2325 1770 fidem,
2377 1684 2835 1776 cognatione
2890 1681 3215 1779 quadam
3269 1703 3441 1757 cum
3470 1682 3835 1779 Apolline
3886 1693 3966 1754 et
3997 1679 4288 1754 Herme

601 1817 771 1888 sive
824 1812 1277 1885 Latinorum
1328 1812 1754 1902 Mercurio,
1807 1814 1940 1911 qui
1993 1812 2146 1888 duo
2189 1815 2424 1912 primi
2480 1827 2710 1912 atque
2763 1814 3241 1889 celeberrimi
3290 1814 3599 1887 rudium
3632 1812 4029 1886 hominum
4060 1836 4285 1913 prae-

600 1960 965 2044 ceptores,
1015 1943 1251 2016 fuisse
1294 1946 1645 2039 junctum
1675 1967 1838 2018 non
1867 1959 1987 2018 est
2037 1947 2245 2045 quod
2274 1950 2661 2020 miremur.
2732 1948 3017 2021 Verum
3061 1949 3266 2020 enim
3320 1970 3509 2019 vero
3562 1969 3712 2045 quo
3765 1947 4284 2045 antiquiorem

600 2091 1029 2177 temporum
1067 2060 1517 2150 memoriam
1571 2078 2065 2175 replicamus,
2118 2103 2211 2152 eo
2263 2081 2508 2175 magis
2563 2102 2646 2153 se
2698 2080 2927 2159 nobis
2957 2080 3295 2169 *obviam
3346 2079 3495 2151 fert
3537 2080 3831 2179 opinio,
3868 2102 4055 2177 qua,
4107 2104 4282 2179 per-

597 2224 830 2309 petuo
887 2209 1216 2306 quodam
1270 2209 1604 2304 judicio,
1674 2212 1950 2308 optimi
2019 2211 2300 2310 quique
2352 2213 2670 2285 nonnisi
2722 2213 2821 2285 ab
2874 2213 3189 2311 optimis
3238 2213 3694 2306 gignuntur,
3774 2234 3946 2286 cum
3999 2234 4280 2311 paren-

598 2356 762 2416 tum
831 2344 1160 2414 virtutes
1221 2354 1452 2439 atque
1506 2343 1709 2417 vitia
1766 2344 1854 2414 in
1922 2343 2210 2418 liberos
2295 2369 2596 2444 quoque
2678 2358 3076 2418 transeant
3152 2345 3401 2442 iisque
3471 2345 3691 2443 quasi
3749 2345 4277 2433 innascantur,

597 2496 822 2573 quam
880 2474 979 2547 ob
1028 2495 1333 2546 causam
1383 2476 1825 2565 multorum,
1878 2477 2009 2573 qui
2065 2475 2163 2550 ab
2219 2479 2432 2550 omni
2482 2490 2697 2575 parte
2726 2491 2948 2551 erant
2978 2476 3301 2576 perfecti
3337 2498 3839 2574 magnamque
3872 2478 4019 2551 sibi
4053 2500 4278 2575 para-

596 2618 870 2681 verant
931 2606 1294 2702 gloriam,
1379 2628 1425 2678 a
1498 2606 1648 2680 diis
1712 2609 2251 2705 repetiverunt
2328 2609 2726 2709 originem,
2845 2610 2953 2682 At
3017 2609 3292 2684 horum
3352 2634 3496 2709 pro
3581 2611 3801 2683 varia
3863 2624 4274 2708 parentum

592 2752 864 2814 natura
910 2761 1270 2834 magnum
1319 2739 1468 2812 fuit
1520 2739 1969 2831 discrimen,
2021 2743 2388 2845 Romulus
2442 2743 2714 2819 bellica
2766 2745 3094 2817 eminuit
3142 2745 3387 2839 gloria
3438 2746 3723 2842 quippe
3770 2744 3905 2839 qui
3946 2744 4276 2838 Martem

590 2873 949 2952 habuerit
974 2885 1299 2971 patrem,
1350 2871 1723 2947 Hercules
1751 2896 1964 2964 vero,
2015 2875 2150 2970 qui
2191 2877 2352 2971 jam
2401 2877 2485 2947 in
2538 2877 3025 2951 incunabulis
3075 2876 3503 2950 infantulus
3532 2900 3616 2950 se
3648 2876 3867 2980 Jovis
3919 2878 4275 2976 omnipo-

591 3007 828 3082 tentis
879 3006 1247 3103 probavit
1295 3006 1561 3095 filium,
1616 3030 1785 3110 cum
1837 3019 2234 3104 serpentes
2287 3010 2604 3098 eliserit,
2653 3031 2848 3106 quos
2899 3010 3094 3082 alter
3122 3009 3385 3100 frater,
3438 3009 3750 3082 mortali
3797 3021 4019 3107 patre
4043 3007 4271 3104 'geni—

587 3150 751 3225 tus,
803 3136 1057 3232 fugit„
1086 3138 1432 3234 corporis
1483 3138 1761 3212 robore
1812 3139 1970 3228 fere
2024 3141 2542 3240 omnipotenti
2596 3154 2828 3237 atque
2878 3142 3185 3214 infinito
3220 3144 3425 3218 inter
3458 3164 3722 3215 omnes
3761 3142 4129 3215 excelluit
4171 3141 4270 3237 ⁶).

588 3269 854 3365 Itaque
907 3291 1249 3342 summus
1304 3283 1564 3343 noster
1620 3270 2162 3370 philosophus,
2214 3274 2493 3346 clarior
2532 3296 2763 3370 quam
2789 3296 3019 3370 quem
3050 3276 3397 3348 mortalis
3435 3276 3682 3374 patris
3728 3275 3968 3346 filium
3994 3296 4270 3371 capere
4399 3281 4408 3290 ’

587 3415 945 3498 possent,
1024 3423 1130 3476 ex
1204 3403 1537 3476 aliormn
1606 3405 2052 3502 narratione
2117 3405 2289 3502 ipso
2344 3407 2742 3504 Apolline,
2819 3429 2926 3480 ex
2962 3409 3355 3497 aliorum,
3425 3405 3879 3482 Mnesarcho
3930 3407 4265 3501 quotiam

586 3545 813 3607 natus
866 3555 1033 3608 esse
1089 3532 1369 3608 dicitur
1430 3536 1540 3632 ⁷),
1589 3558 1815 3632 quem
1868 3536 2404 3611 Mnesarchum
2459 3540 2754 3612 nullum
2802 3540 3040 3613 alium
3109 3562 3196 3614 ac
3255 3540 3718 3626 Mercurium
3766 3538 4001 3611 fuisse
4054 3539 4270 3635 equi—

588 3666 760 3740 dem
844 3666 1051 3741 haud
1125 3666 1551 3741 abnuerim.
1653 3668 2079 3742 Mercurius
2156 3671 2373 3743 enim
2451 3685 2584 3744 aut
2662 3674 3046 3746 communi
3091 3674 3403 3746 nomine
3459 3669 3956 3746 Mnesarchus
4010 3672 4258 3768 potuit

585 3798 984 3906 appellari,
1052 3801 1340 3897 quippe
1386 3823 1615 3897 quum
1668 3802 2084 3892 memoriae
2118 3815 2367 3899 „atque
2419 3804 2820 3906 ,historiae
2845 3804 3229 3908 mythicus
3281 3807 3379 3906 sit
3418 3817 3687 3908 auctor
3733 3803 3828 3900 ⁸),
3880 3815 4040 3893 aut,
4087 3824 4265 3876 nam

583 3905 790 4004 haud
842 3931 1167 4005 deerunt
1210 3933 1346 4028 qui
1378 3954 1606 4028 quam
1643 3931 1870 4005 modo
1910 3935 2279 4033 proposui
2328 3937 3048 4037 interpretationem
3081 3949 3163 4009 ut
3193 3939 3612 4011 violentam
3652 3950 3884 4032 atque
3921 3937 4264 4034 ineptam

667 4157 723 4233 ι)
764 4156 1014 4219 Daunou
1054 4163 1116 4219 in
1157 4159 1394 4252 Journal
1433 4161 1535 4219 des
1578 4180 1823 4233 sarano,
1885 4163 2121 4221 snm-ier
2179 4166 2358 4236 1828,
2399 4163 2613 4234 Procli,
2645 4136 2984 4242 ’philosophi
3025 4165 3350 4232 Platonici,
3405 4185 3648 4224 censens
3691 4185 3884 4242 opera,
3924 4184 4073 4243 quae
4105 4165 4262 4222 edid.

772 4249 1024 4401 (Σοιιοὶιί,
1081 4252 1261 4311 dicit:
1320 4254 1403 4312 Le
1442 4271 1620 4333 grave
1661 4253 1987 4332 lamblique
2023 4259 2187 4333 porla
2225 4259 2283 4314 le
2323 4259 2568 4336 langoge
2609 4256 2709 4315 des
2734 4252 3006 4334 'pontisas
3046 4271 3107 4317 et
3146 4260 3244 4318 des
3285 4263 3508 4320 oracles
3548 4263 3742 4335 plutot
3782 4277 3893 4335 que
3930 4259 4083 4315 celui
4125 4256 4266 4314 d’un

774 4355 964 4420 metap
1005 4347 1250 4422 ysiclen.

663 4455 726 4525 ⁶)
767 4449 900 4509 Non
940 4455 1250 4531 quidquam
1291 4455 1530 4514 dubium
1568 4458 1642 4513 iis
1682 4457 1992 4516 referimus
2047 4460 2145 4536 qni
2188 4475 2221 4513 a
2259 4466 2465 4516 nostra
2505 4459 2936 4532 interpretandi
2965 4462 3195 4517 ratione
3234 4478 3351 4553 non
3391 4462 3572 4520 alieni
3612 4471 3786 4530 sunt,
3844 4477 4015 4536 quom
4055 4475 4268 4534 propo·

771 4546 998 4604 suimus
1043 4548 1135 4602 in:
1196 4544 1489 4622 &escbitbte
1530 4555 1612 4609 bet
1653 4547 1964 4626 &tgiebmlg
2008 4549 2054 4622 l,
2098 4549 2226 4607 156.

660 4649 718 4724 ’)
761 4648 859 4709 De
891 4656 1071 4712 variis
1109 4657 1445 4714 nominibus
1484 4675 1629 4732 quae
1667 4654 2034 4733 Pythagorae
2076 4656 2417 4715 tribuuntur
2455 4662 2608 4732 patri
2648 4660 2750 4716 cfr.
2801 4660 3136 4739 Menagiuru
3177 4660 3247 4718 ad
3280 4658 3453 4738 υἷος.
3499 4659 3688 4719 baert.
3734 4658 3887 4728 vlu,
3935 4663 3984 4716 Ι.
4015 4671 4086 4716 οι
4114 4659 4269 4716 Gro-

771 4747 1010 4805 novium
1047 4746 1123 4804 ad
1164 4747 1358 4806 Justin
1401 4747 1549 4820 XX,
1592 4754 1649 4808 4.

657 4836 716 4908 ⁹)
759 4836 809 4893 Α
846 4836 990 4908 ,ιινόυ
1027 4853 1081 4894 et
1120 4865 1372 4913 κέχυμαι.
