4537 5463
187 468 558 564 ‘prorsus
626 462 1012 559 rejicient,
1097 462 1470 561 peculiari
1554 463 1888 560 quadam
1958 486 2222 554 causa,
2304 487 2473 538 cum
2555 464 3030 560 Pythagoras
3096 466 3396 564 priscae
3465 486 3651 537 suae
3721 468 3947 539 vitae⁴

241 597 726 685 memoriam,
809 618 1040 692 quam
1107 597 1280 669 aliis
1359 619 1665 693 quoque
1718 599 2023 671 curavit
2072 598 2606 694 injiciendam,
2673 620 2722 671 a
2771 598 3151 672 Mercurio
3215 611 3485 671 nactus
3528 598 3634 669 sit
3700 598 3924 694 eique

240 742 634 826 tamquam
691 728 987 803 auctori
1037 741 1426 829 acceptam
1478 731 1991 828 retuleritst).
2104 726 2342 820 Jam,
2389 755 2561 805 cum
2618 731 2861 832 patris
2929 730 3233 805 indoles
3291 730 3472 803 filiis
3536 730 3775 803 insita
3821 731 3926 804 sit

238 873 471 959 atque
523 844 798 935 innata
844 885 1086 959 aeque
1145 865 1230 936 in
1293 885 1594 937 morum
1645 862 2094 938 conditione
2157 875 2393 961 atque
2456 865 2540 937 in
2599 886 3051 961 quacunque
3123 878 3288 938 arte
3354 877 3432 938 et
3484 863 3925 960 disciplina,

236 1004 522 1071 matres
573 996 782 1069 enim
831 997 1073 1070 multo
1125 997 1380 1070 minus
1435 998 1847 1072 valuerunt
1895 1000 1980 1070 in
2030 998 2321 1071 liberos
2372 1020 2514 1097 pro
2570 998 2880 1070 illorum
2931 1009 3364 1097 temporum
3418 997 3514 1071 de
3569 995 3928 1069 muliebri

236 1150 441 1202 sexu
491 1129 898 1226 opinione,
950 1128 1427 1225 Pythagoras
1482 1130 1817 1203 musicae
1867 1132 2419 1228 literarumque
2472 1131 2732 1204 studio
2782 1133 3123 1204 omnium
3171 1130 3748 1220 celeberrimus,
3800 1126 3929 1204 vel

238 1260 719 1360 Apollinem,
763 1263 897 1358 qui
945 1262 1280 1336 musicae
1334 1244 1456 1335 est
1508 1262 1730 1351 deus,
1784 1266 1909 1338 vel
1962 1264 2453 1356 Mercurium,
2507 1264 2642 1361 qui
2693 1265 2957 1337 literas
3009 1265 3234 1359 longe
3286 1264 3592 1360 lateque
3651 1260 3929 1335 diffun-

237 1393 382 1484 dit,
431 1392 716 1467 habere
769 1405 1062 1491 patrem
1118 1416 1225 1469 ex
1277 1395 1449 1493 ipsa
1497 1407 1715 1493 patet
1766 1419 2025 1470 rerum
2076 1408 2377 1487 natura,
2429 1419 2583 1495 qua
2633 1416 2829 1495 quae
2880 1398 3140 1470 animo
3187 1394 3607 1491 effingimus
3658 1370 3929 1468 mutuo

238 1551 324 1602 se
382 1527 791 1626 excipiunt
852 1528 1329 1623 alterumque
1394 1527 1618 1600 alteri
1684 1550 1765 1634 se
1828 1530 2183 1627 adjungit
2239 1527 2382 1627 ¹⁰).
2502 1531 2659 1603 Alii
2722 1532 2947 1604 aliter
2996 1514 3176 1602 'rem
3244 1528 3681 1627 expediunt
3745 1527 3930 1602 dum

238 1659 723 1756 Pythagorae
786 1668 1085 1758 patrem
1147 1659 1535 1757 Apollinis
1600 1660 1839 1735 fuisse
1904 1662 2382 1738 sacerdotem
2433 1663 2935 1755 contendunt,
2990 1675 3125 1736 aut
3176 1659 3623 1763 philosophi
3676 1661 3926 1734 nostri

238 1795 616 1890 originem
670 1791 770 1866 ad
822 1791 1267 1886 Tyrrhenos
1318 1792 1665 1865 referunt
1698 1793 2057 1889 Pelasgos
2105 1796 2249 1892 ¹¹).

544 1927 809 2025 Neque
858 1926 1133 1998 minus·
1171 1924 1401 2023 quam
1450 1926 1733 2025 patris,
1789 1927 1998 2025 qnod
2057 1924 2267 2001 certa
2320 1941 2551 2028 atque
2607 1927 2976 2001 historica
3041 1940 3250 2002 caret
3300 1926 3493 2016 fide,
3556 1948 3601 1997 a
3644 1922 3926 1995 fabulis

238 2060 604 2136 abhorret
653 2060 924 2132 matris
979 2060 1403 2155 uxorisque
1450 2081 1757 2149 nomen,
1809 2058 2133 2154 Pythais
2184 2063 2394 2134 enim
2444 2074 2690 2135 mater
2744 2073 2823 2133 et
2878 2059 3196 2133 Theano
3250 2082 3489 2148 uxor,
3541 2038 3928 2149 Pythana·

241 2197 385 2271 ctis
436 2191 831 2269 Cretensis
886 2192 1068 2280 fllia,
1121 2193 1203 2263 in
1256 2179 1466 2287 eujus
1509 2194 1760 2290 patria
1816 2193 2098 2291 Apollo
2159 2194 2559 2268 colebatur
2606 2193 2952 2267 maxime
3018 2194 3173 2292 Η),
3227 2213 3398 2265 cum
3451 2188 3731 2283 Pythio
3782 2187 3927 2260 deo

238 2325 752 2423 Pythagoram
806 2324 1406 2423 propinquitatis
1452 2290 1625 2396 fere*
1664 2326 1996 2400 vinculis
2049 2326 2288 2401 fuisse
2317 2330 2814 2425 conjunctum
2847 2327 3176 2399 latenter
3214 2326 3572 2396 innuunt.
3678 2321 3929 2418 Atque

241 2483 402 2533 non
470 2478 879 2557 possumus
934 2457 1119 2554 quin
1172 2455 1318 2530 hoc
1367 2458 1533 2531 loco
1587 2457 1992 2533 afferamus
2046 2461 2573 2534 acutissimam
2625 2460 3011 2534 Welckeri
3066 2457 3710 2557 explicationem,
3777 2475 3928 2551 quo

238 2595 668 2689 interprete
716 2590 1044 2662 filiarum
1100 2612 1401 2687 quoque
1474 2602 1705 2687 atque
1755 2591 2077 2665 fratrum
2130 2594 2308 2666 ficta
2357 2604 2440 2666 et
2489 2591 3024 2665 commenticia
3076 2603 3259 2664 sunt
3300 2591 3642 2663 nomina.
3747 2588 3927 2659 Ete-

236 2726 403 2799 nim
457 2723 665 2823 quod
716 2723 938 2797 alteri
990 2723 1234 2813 filiae,
1278 2722 1400 2796 cui
1450 2720 1699 2796 Damo
1748 2738 1917 2798 erat
1982 2748 2306 2818 nomen,
2361 2748 2606 2825 eaque
2677 2739 2982 2799 mortua
3043 2725 3248 2799 filiae
3300 2723 3594 2798 Bitalae
3646 2718 3930 2815 Pytha-

236 2879 467 2955 gorae
516 2868 739 2931 erant
794 2855 1080 2930 tradita
1130 2857 1439 2953 scripta,
1493 2859 1879 2930 communi
1914 2862 2201 2957 populo
2247 2882 2342 2933 ea
2376 2881 2544 2932 esse
2582 2859 2959 2950 dedicata,
3008 2871 3094 2931 ut
3126 2859 3295 2957 ipse
3326 2859 3410 2930 in
3455 2853 3752 2938 Ὀμακοΐφ
3784 2853 3930 2950 ¹³),

238 2995 325 3065 in
382 3014 533 3090 quo
584 2989 936 3063 homines
970 2991 1408 3086 frequentes
1458 2987 1729 3063 adesse
1760 2989 2143 3083 solebant,
2198 2991 2484 3082 docuit,
2537 3004 2616 3066 et
2650 2992 2931 3067 deinde
2983 2991 3251 3065 Italiae
3276 2989 3793 3090 potissimum,
3844 2998 3930 3059 ut

238 3146 473 3199 verae
523 3123 1228 3219 Pythagoraeorum
1269 3123 1607 3220 patriae,
1665 3123 2016 3197 innuisse
2066 3123 2418 3199 feruntur
2461 3125 2950 3198 subtilissimi
2997 3123 3265 3201 harum
3306 3122 3745 3197 fabularum
3795 3141 3927 3192 au·

237 3269 515 3332 ctores.
618 3257 886 3329 Altera
935 3255 1094 3327 filia
1140 3260 1344 3332 Μυῖα,
1411 3277 1606 3351 qnae
1654 3254 1974 3340 Ἀριννῶτη
2025 3279 2327 3356 quoque
2377 3259 2851 3347 nominatur,
2899 3269 3036 3329 aut
3088 3257 3354 3330 vivam
3406 3256 3927 3352 praeceptoris

245 3411 553 3476 vocem,
607 3409 758 3485 qua
805 3385 1152 3462 docendo
1206 3389 1450 3459 multo
1495 3390 1737 3484 magis
1791 3389 2209 3463 utebantur
2273 3403 2576 3465 veteres
2647 3412 2872 3488 quam
2942 3390 3231 3488 scripta
3296 3389 3591 3473 littera,
3638 3385 3928 3481 signifi-

239 3505 418 3595 ca're
468 3531 605 3595 aut
651 3520 976 3592 feminas
1016 3519 1672 3619 sapientissimas,
1729 3545 1916 3619 quas
1948 3524 2373 3620 permultas
2408 3523 2753 3597 erudivit
2783 3535 3014 3620 atque
3045 3521 3389 3595 instituit
3420 3516 3928 3619 philosophus

237 3655 408 3744 ille,
476 3652 705 3725 nobis
770 3635 1083 3726 videtur
1147 3652 1560 3726 declarare.
1663 3652 1928 3752 Neque
1981 3655 2379 3728 Eunomus
2441 3669 2519 3728 et
2573 3654 3020 3749 Tyrrhenus
3072 3679 3157 3728 re
3209 3676 3395 3726 vera
3444 3649 3926 3746 Pythagorae

232 3797 425 3861 sunt
470 3785 773 3875 fratres,
824 3783 964 3870 sed
1014 3807 1279 3858 eorum
1330 3785 1650 3857 nomina
1701 3798 1774 3858 et
1816 3789 2263 3861 societatem
2323 3766 2978 3885 Pythagoreorum
3034 3787 3324 3885 optime
3368 3784 3805 3858 ordinatam
3847 3799 3927 3855 et

235 3917 825 4012 Tyrrhenorum
875 3940 1138 4013 genus,
1186 3941 1361 4016 quo,
1413 3938 1523 4001 ex
1575 3919 2057 4016 quorundam
2104 3922 2537 4011 sententia,
2588 3933 2815 3994 natus
2855 3932 3020 3994 erat
3056 3930 3346 4008 auctor,
3393 3916 3742 3990 indicant
3782 3917 3803 3956 ¹
3829 3920 3922 4012 ⁴).

324 4095 607 4171 ⁹){Rittet
645 4093 939 4172 &elcbicbte
980 4101 1066 4161 bet
1101 4096 1486 4173 ⁵Dbilofonbie,
1530 4105 1591 4161 lt
1623 4096 1736 4170 U).
1778 4096 1864 4163 Θ.
1906 4104 2042 4163 344.
2080 4112 2143 4158 et
2184 4098 2361 4179 Diog.
2405 4099 2595 4159 Laert.
2640 4100 2797 4174 Vlll,
2844 4105 2893 4159 l.

288 4191 386 4266 Η)
425 4191 587 4260 Quae
625 4193 743 4250 alio
793 4193 921 4250 loco
962 4211 998 4250 a
1034 4191 1205 4250 nobis
1245 4202 1386 4248 sunt
1424 4193 1693 4267 exposita
1740 4204 1839 4251 ut:
1882 4191 2175 4264 &tibicine
2217 4194 2304 4253 bet
2343 4190 2650 4269 &tgiebuug
2691 4193 2738 4266 Ι,
2779 4194 2857 4251 90
2895 4213 3036 4270 seq„
3079 4192 3176 4251 uhi
3216 4210 3476 4269 quoque,
3517 4193 3706 4267 qualis
3745 4193 3927 4247 lateat

434 4287 641 4325 sensus
681 4270 744 4326 in
784 4272 1156 4341 narratione,
1209 4286 1322 4344 qua
1362 4266 1729 4347 Pythagorae
1769 4281 1955 4328 mater
1985 4272 2109 4346 jam
2146 4268 2392 4347 gravida
2433 4289 2564 4328 cum
2601 4274 2815 4328 marito
2856 4268 3115 4346 Delphos
3156 4288 3284 4326 sese
3323 4269 3574 4325 contulit
3623 4266 3817 4344 ibique
3857 4266 3925 4323 ue

435 4343 560 4401 filio
598 4347 832 4403 oracula
868 4346 1125 4420 accepit,
1166 4342 1364 4402 videre
1404 4363 1728 4419 possumus.

286 4435 387 4510 ¹⁸.)
427 4434 508 4499 D.
548 4431 767 4499 meimet
801 4434 1003 4499 Dotiet
1044 4435 1091 4509 Ι,
1133 4445 1264 4498 305.
1307 4452 1366 4496 u.
1408 4433 1599 4498 &ittet
1636 4434 1822 4510 Θεία).
1865 4440 1952 4500 bet
1988 4436 2601 4514 pptbcg.53)bi10fopi)ie
2641 4432 2725 4499 Ε.
2772 4442 2845 4500 34
2884 4455 2942 4498 u.
2985 4439 3022 4510 s.
3065 4452 3134 4499 w.

288 4527 387 4603 Η)
427 4524 709 4601 θοείετῐ,
747 4531 884 4599 206,
925 4538 986 4586 et
1028 4528 1098 4585 de
1138 4527 1561 4606 Pythagoricae
1597 4528 1994 4606 philosophiae
2031 4549 2163 4587 cum
2204 4530 2474 4605 Apolline
2514 4547 2668 4587 nexu
2713 4529 2758 4602 1,
2796 4532 2932 4602 221,
2971 4531 3109 4601 283,
3150 4530 3287 4602 324,
3346 4538 3404 4585 et
3446 4526 3518 4599 n,
3557 4528 3693 4584 284-

287 4623 388 4692 Η)
427 4618 598 4685 Quod
634 4612 802 4688 ὄμακό
772 4621 883 4671 οἷον
918 4619 1088 4678 nobi·
1128 4620 1387 4687 ἐκκλησίαν
1422 4623 1680 4698 explicat
1722 4619 1988 4681 Clemens
2028 4622 2460 4681 Alexandrinus
2500 4620 2780 4681 Stromat.
2824 4622 2868 4695 Ι,
2915 4623 3002 4680 15.
3044 4619 3133 4680 cf.
3168 4620 3448 4698 Porphyr.
3491 4640 3546 4676 v.
3579 4619 3632 4677 (Ι.
3676 4618 3924 4695 Pythag.

432 4713 485 4751 c.
523 4697 623 4767 20,
663 4705 725 4752 et
754 4694 1141 4755 lamblichum
1179 4717 1232 4754 c.
1272 4700 1312 4755 6
1349 4707 1411 4755 et
1453 4701 1541 4755 17.

286 4789 385 4860 Η)
425 4783 513 4844 cf.
555 4785 753 4846 Jahnii
806 4790 1044 4850 annales
1092 4788 1291 4865 philol.
1349 4802 1410 4847 et
1444 4789 1685 4867 paedag.
1728 4788 1829 4863 ΙΙΙ,
1893 4793 1948 4864 1,
1987 4795 2049 4864 4,
2104 4809 2232 4871 pag.
2274 4793 2410 4863 392,
2451 4810 2564 4870 quo
2620 4794 2743 4896 loco
2787 4788 3131 4850 Welckerur
3172 4789 3496 4867 Suppli-nis
3539 4788 3924 4864 Mytilenaeae

432 4862 795 4943 fragmenta,
838 4883 985 4942 quae
1023 4865 1171 4924 edid.
1213 4864 1399 4938 Neue,
1439 4869 1685 4925 censuit.
